1986 3223
862 259 1121 295 -26-

621 940 701 984 De
737 940 985 983 Herodae
1023 913 1360 983 cholia'mbis.

357 1063 533 1100 Fortuna
562 1062 699 1100 studiis
732 1061 826 1098 meis
854 1060 1063 1098 Babrianis
1090 1059 1219 1098 favere
1247 1060 1409 1106 videtur,
1438 1070 1523 1097 cum
1549 1058 1731 1097 Herodae

254 1127 480 1165 mimiambis
514 1136 654 1175 paucos
690 1129 778 1163 ante
808 1125 887 1162 dies
922 1124 1030 1171 quasi
1064 1125 1111 1161 ab
1146 1123 1279 1162 inferis
1312 1124 1351 1161 in
1384 1124 1507 1162 lucem
1539 1125 1730 1162 revocatis

254 1193 308 1230 eis
341 1193 474 1237 rebus,
518 1202 611 1238 quas
646 1190 761 1227 animi
797 1189 959 1237 quadam
995 1189 1228 1227 divinatione
1264 1189 1310 1226 de
1337 1189 1475 1227 Babrii
1508 1189 1731 1227 choliambis

252 1258 466 1305 suspicatus
499 1267 598 1301 sum,
641 1266 741 1293 nunc
781 1255 994 1293 certissima
1028 1254 1183 1291 additur
1215 1253 1308 1292 fides
1342 1254 1552 1300 stabileque
1593 1254 1727 1292 funda-

254 1326 432 1359 mentum.
489 1320 624 1368 Neque
658 1324 787 1358 tamen
815 1320 949 1357 harum
977 1330 1103 1356 rerum
1131 1318 1458 1356 diiudicandarum
1483 1318 1730 1356 difficultates

253 1387 478 1431 diminutae,
521 1385 589 1423 sed
623 1389 759 1422 auctae
787 1384 980 1429 videntur,
1025 1383 1114 1430 quia
1141 1384 1321 1422 Herodae
1349 1394 1482 1421 versus
1514 1384 1730 1432 nuperrime

253 1462 276 1490 a
308 1452 496 1499 Kenyone
529 1462 549 1488 e
586 1461 729 1498 papyro
763 1448 960 1497 Aegyptio
1004 1448 1185 1496 descripti
1214 1470 1264 1475 —
1298 1448 1567 1487 Rutherfordii
1610 1448 1727 1486 editio

251 1516 315 1555 vix
331 1516 446 1563 digna
460 1515 730 1562 videtur,quae
746 1514 941 1552 citetur-
960 1518 1175 1561 temporum
1190 1513 1394 1560 iniquitate
1409 1513 1558 1561 ingenti
1573 1513 1731 1551 menda-

254 1592 338 1619 rum
367 1585 407 1619 et
434 1582 656 1619 lacunarum
684 1590 842 1617 numero
870 1578 1053 1616 maculati
1083 1582 1183 1624 sunt,
1215 1590 1375 1625 quarum
1395 1581 1544 1626 partem
1563 1578 1735 1615 Blassius

257 1650 297 1684 et
324 1645 485 1683 Crusius
519 1656 655 1683 sanare
692 1645 909 1683 studebant.
966 1644 1013 1681 ln
1048 1648 1107 1681 tot
1141 1644 1331 1691 tantisque
1366 1643 1520 1682 errandi
1552 1642 1734 1690 periculis

254 1715 404 1748 versato
433 1710 602 1749 Dielsius
630 1710 722 1747 mihi
761 1710 971 1757 opitulatus
1005 1720 1075 1746 nec
1113 1709 1278 1757 tempori
1303 1720 1372 1746 nec
1399 1709 1522 1746 labori
1549 1708 1732 1756 pepercit,

256 1780 308 1821 ut,
344 1786 441 1822 quae
459 1776 540 1823 ipse
559 1775 758 1822 ingeniose
778 1774 827 1812 ad
846 1774 1083 1812 mimiambos
1102 1774 1381 1821 pernoscendos
1400 1774 1460 1813 vel
1480 1773 1734 1812 emendandos

258 1840 501 1888 excogitavit,
532 1852 577 1878 ea
604 1851 749 1878 mecum
778 1839 1084 1877 communicaret.

360 1905 528 1943 Restant
541 1905 724 1943 Herodae
743 1915 875 1944 versus
896 1905 972 1942 598
993 1904 1147 1951 integri,
1170 1915 1328 1951 quorum
1348 1908 1489 1942 exeunt
1507 1904 1546 1942 in
1566 1903 1734 1951 syllabas

254 1973 393 2007 natura
420 1970 555 2017 longas
585 1970 674 2014 327,
703 1970 743 2007 in
773 1973 822 2014 αἶ,
853 1970 901 2014 οἶ,
932 1984 958 2016 ς,
990 1984 1006 2005 ν
1036 1972 1108 2007 etc.
1144 1970 1228 2016 199,
1260 1969 1299 2007 in
1327 1969 1479 2007 vocales
1507 1970 1642 2007 breves
1670 1969 1733 2013 72,

257 2039 301 2072 ut
319 2035 559 2073 manifestum
584 2035 635 2072 sit
654 2035 846 2072 Herodam
866 2038 910 2071 ut
930 2037 1079 2072 ceteros
1101 2033 1336 2072 Graecorum
1357 2033 1734 2081 choliambographos

256 2100 293 2137 in
324 2101 461 2138 ultima
488 2110 664 2138 versuum
693 2099 782 2137 sede
811 2110 901 2137 raro
930 2099 1001 2136 sibi
1033 2099 1264 2137 concessisse
1293 2099 1460 2147 syllabas
1489 2101 1668 2136 exeuntes
1693 2099 1733 2136 in

257 2166 408 2203 brevem
441 2165 630 2213 vocalem,
667 2176 761 2212 quas
789 2165 973 2203 Babrium
1002 2165 1074 2202 hoc
1102 2165 1185 2203 loco
1220 2165 1369 2202 omnino
1399 2165 1541 2203 vitasse
1571 2169 1730 2202 constat.

260 2229 395 2276 Neque
423 2230 536 2268 aliter
564 2231 704 2277 altera,
749 2241 843 2277 quae
873 2230 1032 2274 dicitur,
1075 2229 1210 2267 Babrii
1239 2229 1373 2276 regula
1401 2240 1484 2267 sese
1518 2229 1650 2267 habet:
1693 2230 1733 2267 in

257 2294 494 2342 paenultima
520 2306 696 2333 versuum
725 2295 814 2332 sede
834 2294 996 2332 considit
1016 2298 1210 2337 accentus;
1239 2305 1350 2340 quam
1369 2305 1541 2332 normam
1559 2295 1734 2333 Herodas

256 2359 312 2397 ita
339 2364 489 2397 secutus
518 2364 592 2407 est,
631 2364 675 2397 ut
703 2371 787 2398 eam
817 2359 1131 2406 quadringenties
1160 2359 1292 2397 tricies
1320 2360 1519 2406 quinquies
1547 2365 1732 2405 servaret,

257 2424 421 2463 violaret
449 2425 591 2462 centies
620 2424 796 2471 sexagies
824 2429 898 2462 ter.
954 2424 1061 2472 Quae
1091 2435 1174 2460 cum
1202 2424 1259 2461 ita
1287 2424 1382 2470 sint,
1418 2424 1519 2471 quod
1546 2428 1658 2462 antea
1686 2437 1732 2463 ex

258 2489 556 2527 choliamborum
596 2489 769 2536 reliquiis
804 2488 989 2526 Babrium
1024 2499 1100 2526 non
1134 2500 1252 2526 novas
1285 2490 1380 2526 artis
1414 2490 1595 2527 metricae
1628 2490 1734 2537 leges

257 2554 445 2592 invenisse
474 2554 616 2592 conieci
644 2555 710 2591 sed
737 2554 812 2592 iam
841 2557 931 2591 ante
958 2553 1059 2590 haud
1091 2554 1244 2600 ignotas
1264 2554 1472 2592 excoluisse
1491 2559 1531 2592 et
1550 2555 1734 2601 singulari

257 2629 341 2656 cum
369 2620 577 2657 severitate
606 2620 848 2662 observasse,
886 2618 1063 2656 Herodae
1091 2618 1319 2656 carminibus
1346 2619 1432 2656 luce
1463 2619 1604 2657 clarius
1633 2631 1733 2658 com·

257 2684 454 2730 probatur.
519 2684 631 2732 Quod
672 2684 891 2731 saepissime
931 2683 1112 2721 Herodas
1153 2686 1196 2720 ut
1236 2683 1403 2721 Babrius
1449 2685 1732 2731 pronominibus

257 2747 372 2797 ἡμεῖς,
400 2748 500 2798 ὑμεῖς
527 2753 600 2788 etc.
635 2750 673 2786 in
707 2749 841 2786 ultima
880 2759 1057 2786 versuum
1085 2748 1175 2786 sede
1202 2748 1334 2793 utinm,
1364 2759 1462 2786 nunc
1486 2760 1561 2787 non
1596 2751 1734 2788 mirum
