1986 3223
902 209 1155 246 -20-

389 322 474 369 Qua
495 320 797 368 Hephaestionis
825 331 1009 368 perversa
1029 319 1204 367 opinione
1224 318 1368 356 factum
1391 330 1472 356 esse
1491 318 1585 356 mihi
1604 317 1766 362 videtur,

284 390 329 424 ut
347 385 566 423 Meinekius
595 388 822 431 anapaestos
842 395 887 421 ex
907 383 1166 431 Hipponactis
1187 383 1410 431 fragmentis
1431 384 1553 420 eicere
1582 382 1767 420 studeret.

393 450 518 496 Quare
539 449 723 486 Babrium
753 459 835 486 cum
864 448 1016 486 omnino
1046 458 1122 485 non
1142 447 1260 485 fuisse
1288 448 1521 485 imitatorem
1540 446 1768 484 choliambo-

286 514 523 561 graphorum
552 513 812 550 Romanorum
855 512 1070 557 videamus,
1113 523 1159 549 cx
1204 512 1284 549 eius
1327 516 1413 549 arte
1456 512 1617 549 metrica
1650 511 1768 548 fuisse

285 579 439 616 natione
470 578 687 616 Romanum
716 577 890 614 conicere
920 587 995 614 non
1024 577 1126 614 licet.

391 642 499 689 Quod
534 642 697 688 denique
732 653 755 679 a
791 641 925 679 Crusio
968 641 1133 688 vestigia
1176 640 1363 687 quaedam
1399 652 1419 678 e
1453 640 1587 678 Babrii
1628 650 1770 687 genere

283 708 433 746 dicendi
467 707 730 751 conferuntur,
776 706 876 744 unde
918 705 1101 743 Babrium
1148 704 1266 742 fuisse
1313 704 1528 742 Romanum
1571 707 1770 752 appareat,

284 784 329 810 ea
357 771 532 819 profecta
561 783 643 809 esse
672 782 747 808 non
782 782 827 809 ex
863 771 1082 808 fabulatore
1118 771 1218 818 ipso,
1262 769 1328 808 sed
1371 781 1416 807 ex
1450 780 1521 807 usu
1555 769 1769 815 tritissimo‚

284 848 356 884 quo
376 841 491 884 poeta
511 849 533 873 a
553 836 750 882 magistris
770 839 808 873 et
828 835 957 883 pueris
977 836 1016 871 in
1045 835 1185 872 scholis
1213 834 1360 872 mediae
1389 834 1529 872 aetatis
1558 836 1770 881 pertracta-

286 901 414 948 batur,
459 901 541 939 veri
582 900 815 937 simillimum
857 904 926 937 est.
1003 899 1142 937 Liceat
1176 902 1303 937 autem
1346 899 1414 936 illa
1451 898 1553 947 apud
1587 897 1771 935 Babrium

287 965 469 1004 sermonis
488 965 751 1002 Romanorum
772 964 935 1011 vestigia
963 976 985 1001 a
1010 963 1247 1002 Zachariaeo
1262 964 1307 1013 1)‚
1329 962 1477 1008 Crusio,
1504 962 1591 1001 aliis
1611 962 1771 1000 collecta

289 1030 412 1068 denuo
441 1030 691 1077 perlustrare.

391 1129 593 1179 Λιβυστῖνοι
621 1129 669 1166 cf.
699 1140 866 1176 prooem.
899 1129 934 1175 2,
965 1129 1006 1165 5:

394 1194 512 1232 codex
541 1193 594 1231 A.
627 1193 782 1231 exhibet
811 1192 906 1241 λίβος
934 1191 1044 1236 τινός,
1090 1191 1307 1229 emendavit
1335 1191 1642 1229 Schneidewinus
1667 1190 1774 1240 Λιβυ-

288 1260 412 1301 estvm:
441 1259 570 1305 itaque
596 1259 745 1295 lubrica
766 1269 848 1295 esse
868 1258 965 1295 haec
985 1256 1111 1294 Crusii
1131 1257 1354 1294 coniectura
1373 1256 1537 1301 videtur,
1567 1266 1651 1293 cum
1670 1255 1775 1293 nulla

289 1323 365 1360 alia
393 1334 435 1360 re
463 1324 624 1368 nitatur,
654 1323 729 1360 nisi
758 1321 1035 1359 Schneidewini
1064 1322 1341 1359 emendatione.
1400 1321 1638 1369 Quamquam
1666 1320 1774 1370 Λιβυ-

289 1389 396 1425 στῖνοι
423 1388 524 1435 apud
554 1391 705 1425 veteres
725 1386 963 1424 Graecorum
993 1387 1203 1433 scriptores
1228 1397 1304 1424 non
1324 1386 1503 1433 leguntur
1524 1407 1573 1412 —
1593 1385 1776 1432 leguntur

289 1451 420 1501 Λίβυες
449 1456 488 1489 et
515 1451 668 1502 Λιβυκοί
694 1473 744 1479 -
774 1455 902 1488 tamen
931 1451 1048 1488 simili
1075 1450 1227 1488 ratione
1257 1454 1345 1487 sunt
1374 1449 1523 1500 Καρῖνοι
1551 1454 1591 1487 et
1610 1448 1774 1500 Καρικοί.

288 1517 459 1554 Primum
489 1517 640 1563 quidem
666 1515 912 1553 inveniuntur
931 1515 1124 1563 Libystini
1151 1515 1252 1562 apud
1271 1514 1512 1563 Catullum2).
1559 1514 1776 1552 Macrobius

291 1585 419 1618 autem
447 1580 670 1629 Apollinem
705 1580 949 1628 Libystinum
988 1592 1011 1617 a
1045 1579 1184 1618 Siculis
1219 1580 1362 1617 cultum
1405 1589 1488 1617 esse
1530 1582 1664 1617 auctor
1706 1583 1774 1617 est.

289 1645 419 1694 Quare
440 1646 522 1684 veri
541 1646 773 1683 simillimum
794 1649 853 1682 est
868 1644 1062 1682 Catullum
1077 1644 1386 1682 Alexandrinum
1406 1643 1595 1691 quendam
1610 1648 1776 1691 poetam,

289 1710 456 1747 fortasse
476 1709 763 1754 Callimachum,
793 1712 964 1747 secutum
993 1709 1091 1746 hanc
1119 1710 1281 1747 formam
1309 1719 1330 1746 e
1349 1708 1509 1747 Graecis
1537 1708 1778 1746 transtulisse

292 1774 341 1811 ad
368 1774 575 1812 Romanos.
632 1774 816 1819 Accedit,
860 1774 960 1821 quod
996 1778 1095 1811 teste
1130 1772 1325 1822 Stephano
1361 1772 1593 1822 Byzantioss)
1648 1771 1778 1823 Λίβυες

290 1839 391 1876 idem
421 1842 532 1876 erant
560 1850 604 1876 ac
634 1838 850 1888 Λιβυστῖνοι,
887 1842 947 1883 ut,
984 1839 1023 1876 ni
1058 1838 1190 1884 fallor,
1227 1839 1341 1876 metri
1369 1849 1485 1876 causa
1513 1837 1680 1876 Babrius
1707 1838 1778 1876 hac

291 1904 426 1952 forma,
458 1905 491 1942 si
518 1915 610 1942 vera
638 1908 752 1951 atque
781 1904 946 1952 genuina
975 1908 1045 1949 est,
1074 1914 1165 1942 usus
1195 1914 1278 1942 esse
1306 1904 1425 1951 possit
1453 1903 1586 1942 videri.

399 2003 479 2042 ὗλαι
506 2005 711 2052 pluralem:

398 2069 566 2106 Babrius
582 2069 705 2106 sexies
720 2069 907 2114 adhibuit,
927 2072 1057 2105 tamen
1072 2067 1261 2114 singulari
1275 2078 1432 2105 numero
1449 2078 1524 2104 non
1540 2065 1727 2104 abstinuit
1735 2065 1776 2114 4).

295 2133 407 2180 Apud
436 2133 720 2179 antiquissimos
748 2133 958 2180 scriptores
988 2132 1160 2170 Graecos
1189 2132 1378 2179 pluralem
1405 2131 1510 2169 vocis
1538 2129 1606 2180 ὅλη
1634 2130 1779 2168 frustra

292 2198 478 2244 quaesivi,
514 2198 670 2245 repperi
697 2202 826 2235 tamen
854 2198 930 2234 iam
967 2196 1067 2244 apud
1095 2196 1346 2234 Aristotelem
1357 2195 1400 2244 5),
1430 2195 1651 2243 saepissime
1680 2194 1780 2241 apud

293 2262 537 2309 posteriores,
568 2267 612 2298 ut
640 2262 740 2309 apud
755 2262 916 2309 Dionys.
937 2261 1066 2298 Halic.
1102 2260 1148 2298 de
1177 2260 1297 2297 Thuc.
1333 2260 1366 2307 6,
1396 2259 1501 2298 Plut.
1535 2259 1680 2297 Parall.
1715 2259 1779 2303 21,

289 2325 448 2373 Dionys.
503 2326 677 2372 Perierg.
740 2327 858 2369 1127,
914 2325 1034 2372 Orph.
1092 2324 1187 2371 Arg.
1246 2325 1335 2362 672.
1382 2328 1422 2362 et
1476 2324 1570 2369 681,
1626 2322 1776 2362 Aelian.

388 2465 414 2508 ¹)
439 2464 484 2499 de
511 2464 670 2500 dictione
696 2464 894 2508 Babriana,
920 2463 1009 2499 diss.
1037 2463 1159 2499 Goett.
1188 2464 1289 2499 1875.

389 2523 413 2568 ²)
442 2524 497 2567 60,
529 2526 561 2558 1:
589 2523 774 2558 montibus
801 2522 1018 2567 Libystinis.

386 2581 411 2626 3)
439 2592 476 2626 p.
501 2582 581 2617 415.

388 2641 412 2684 4)
443 2641 567 2683 12,14.
594 2641 702 2683 23,1.
729 2641 785 2683 43,
806 2641 862 2675 11.
886 2640 944 2684 45,
964 2641 1000 2676 7.
1024 2641 1132 2683 46,1.
1159 2640 1215 2683 76,
1236 2640 1267 2674 6.
1295 2639 1401 2681 90,1.
1429 2638 1524 2682 (129,
1543 2639 1588 2682 6).

388 2697 414 2741 ¹⁵)
442 2697 601 2742 Metaph.
628 2697 675 2733 M.
703 2699 734 2741 9,
764 2698 907 2733 1085.b.
