1986 3223
853 252 1084 288 ..9.-

423 360 462 396 in
491 359 619 397 codice
646 359 698 396 A.
727 360 822 408 (fab.
852 361 916 404 88,
949 361 1050 409 18.):

510 424 569 460 νῦν
597 422 689 460 ἐστιν
718 423 808 473 ὥρη,
837 426 970 470 παῖδες,
1000 424 1158 476 ἀλλοχοῦ
1187 424 1338 474 φεύγειν,

509 486 560 523 ὅτ’
590 485 696 527 αὐτὸς
724 487 822 537 αὑτῷ
850 487 880 526 κ’
911 487 952 525 οὗ
980 487 1108 537 φίλοισι
1134 487 1298 525 πιστεύει.

422 549 566 589 Aviani
593 552 712 588 verba
740 551 813 600 (ed.
843 552 1076 589 Lachmann.
1101 552 1183 589 fab.
1213 553 1275 597 21,
1311 552 1406 600 14.):

508 625 618 659 nunc,
649 615 715 662 ait,
745 626 766 652 o
795 616 934 660 miseri,
965 617 1104 653 dilecta
1130 616 1334 662 relinquite
1361 627 1465 660 rura,

272 713 277 716 .
509 689 593 715 cum
620 690 727 725 spem
756 680 802 717 de
830 680 994 727 propriis
1022 680 1166 717 viribus
1194 680 1260 718 ille
1287 680 1396 726 petit.

204 741 332 778 'nullo
361 741 441 779 fere
470 746 558 779 sunt
585 747 787 780 momento.

335 806 370 843 2.
401 806 502 853 apud
529 805 686 844 Suidam
715 819 744 845 s.
774 818 807 844 a.
837 807 993 856 σπῆλυγξ
1022 811 1061 844 et
1090 806 1314 856 ἀσθμαίνωνι

509 871 652 908 κοιώσω
682 871 890 920 σπήλυγγος,
921 870 1028 912 οἷοίτις
1058 871 1174 920 νούσῳ

510 933 658 983 κάμνων
687 934 846 984 ἐβέβληθ
877 937 943 974 οὐκ
971 935 1105 985 ἀληθὲς
1133 935 1351 982 ἀσθμαῶυνι

397 1032 400 1034 ,
424 998 462 1035 in
493 999 622 1036 codice
649 999 720 1037 A.:

510 1062 633 1112 κοίλης
661 1064 730 1100 ἔσω
761 1063 959 1113 σπήλυγγος
986 1064 1036 1105 ὡς
1064 1063 1157 1113 νόσῳ
1187 1062 1335 1112 κάμνων

510 1127 625 1165 ἐχέτω
654 1125 772 1165 δόλων
801 1127 867 1165 οὐκ
895 1127 1028 1177 ἀληθὲς
1058 1127 1278 1176 ἀσθμαῶυνη

334 1190 540 1228 Paululum
575 1192 834 1230 consistamus.
893 1187 997 1238 Quae
1039 1193 1140 1240 apud
1181 1191 1340 1230 Suidam
1376 1192 1538 1238 legitur,
1582 1192 1707 1229 forma

228 1255 351 1295 νοῦσος
380 1259 439 1292 est
465 1255 623 1300 Jonica,
660 1256 763 1302 quali
795 1257 920 1293 utitur
947 1256 1138 1294 Homerus
1173 1261 1213 1294 et
1239 1256 1442 1294 Hesiodus.
1498 1256 1545 1293 In
1574 1257 1704 1294 codice

228 1319 276 1355 A.
307 1322 433 1356 autem
461 1319 562 1356 haud
589 1330 678 1357 raro
707 1320 865 1366 formae,
900 1331 998 1366 quae
1027 1321 1206 1368 propriae
1235 1325 1324 1358 sunt
1348 1321 1537 1358 'sermonis
1564 1320 1699 1365 Ionici‚

226 1383 281 1420 ita
309 1385 478 1420 mutatae
506 1388 612 1428 sunt,
655 1387 698 1420 ut
726 1395 847 1422 sermo
875 1385 1068 1431 vulgaris,
1104 1385 1168 1431 qui
1197 1385 1352 1429 dicitur,
1391 1384 1592 1422 restitutus
1621 1395 1703 1422 esse

229 1447 417 1484 videatur.
479 1447 607 1495 Quare
649 1459 732 1485 cum
774 1459 794 1485 e
835 1459 927 1486 voce
969 1447 1084 1498 νούσῳ
1126 1449 1308 1497 scriptori
1355 1449 1497 1486 codicis
1531 1449 1580 1486 A.
1624 1449 1705 1486 sive

229 1512 384 1549 librario
426 1512 507 1549 eius
549 1513 790 1559 exemplaris,
835 1512 935 1559 quod
977 1517 1130 1550 secutus
1172 1517 1231 1550 est
1264 1513 1428 1560 scriptor
1462 1513 1602 1550 codicis
1631 1512 1696 1556 A..

231 1575 354 1613 forma
382 1574 476 1625 νόσῳ
504 1576 681 1614 facienda
708 1577 919 1623 videretur,
962 1580 1067 1615 totus
1108 1588 1241 1614 versus
1283 1578 1410 1615 varias
1444 1578 1558 1614 metri
1586 1588 1699 1616 causa

230 1650 433 1688 perpessus
453 1644 511 1678 est
529 1641 804 1689 mutationes1).
855 1641 1001 1678 Tamen
1020 1641 1159 1679 Suidae
1180 1652 1328 1688 quoque
1349 1641 1543 1688 exemplar
1561 1642 1704 1679 talibus

230 1705 270 1742 in
311 1706 425 1742 rebus
467 1705 620 1742 minima
661 1704 777 1742 fuisse
819 1705 1051 1743 auctoritate
1093 1705 1279 1752 videmus,
1324 1715 1409 1742 cum
1442 1716 1518 1743 non
1552 1717 1700 1752 semper
1756 1704 1758 1706 ’

231 1769 376 1806 formae
418 1773 620 1807 serventur
660 1769 825 1807 Ionicae.
888 1770 933 1806 In
979 1770 1196 1807 universum
1238 1769 1390 1815 quidem
1434 1768 1574 1807 Suidae
1620 1770 1706 1808 fons

231 1834 406 1871 meliores
433 1833 618 1880 praebere
646 1834 798 1872 videtur
816 1833 1002 1870 lectiones
1020 1832 1166 1877 Athoo,
1195 1833 1250 1869 ita
1279 1836 1417 1878 tamen,
1447 1836 1492 1870 ut
1518 1844 1708 1870 nonnum-

231 1909 343 1945 quam
371 1901 498 1935 rectas
525 1897 664 1934 afferre
689 1897 855 1935 codicem
875 1897 926 1934 A.
948 1897 1112 1934 libenter
1133 1896 1348 1934 concedam.
1393 1896 1564 1933 Athoum
1581 1900 1708 1934 autem

233 1962 426 2009 exemplar
467 1962 507 1998 in
549 1961 764 1999 scholarum
806 1971 916 1998 usum
951 1961 1192 1998 emendatum
1220 1971 1301 1998 esse
1330 1961 1494 2005 videtur,
1530 1961 1706 2007 quoniam

230 2027 303 2064 hoc
330 2027 369 2063 in
399 2026 529 2064 codice
557 2026 638 2063 fere
667 2025 807 2072 ubique
826 2025 978 2063 rariora
995 2026 1183 2062 vocabula
1202 2025 1528 2072 frequentioribus
1548 2025 1707 2072 expulsa

231 2094 332 2134 sunt,
361 2095 405 2127 ut

327 2202 353 2245 ¹)
379 2200 518 2236 Eadem
543 2199 753 2245 corruptela
779 2200 880 2235 extat
905 2199 1003 2244 apud
1029 2198 1263 2235 Semonidem
1288 2197 1331 2233 cf.
1360 2197 1428 2243 frg.
1458 2201 1488 2243 1,
1518 2200 1576 2234 12:

936 2255 1013 2295 τοὺς
1041 2256 1075 2290 δὲ
1103 2256 1261 2303 δύστηνοι
1287 2256 1380 2290 νόσοι

795 2315 971 2362 φθείρουσι
997 2316 1143 2361 θνητῶν.

231 2375 294 2411 ubi
319 2374 497 2410 Dielsium
523 2386 659 2421 sequor
684 2375 958 2410 emendantem:

939 2430 1015 2470 τοὺς
1043 2430 1077 2465 δὲ
1104 2430 1263 2477 δύστηνοι
1290 2431 1384 2469 νέους

796 2490 972 2537 φθείρουσι
997 2492 1121 2525 νοῦσοι.

231 2551 327 2586 Illud
353 2550 488 2597 θνητῶν
513 2551 611 2586 enim
635 2550 734 2585 haud
759 2550 869 2586 dubie
894 2549 940 2584 ab
966 2549 1170 2593 interprete
1195 2547 1354 2593 quodam
1379 2547 1503 2582 versui
1529 2557 1626 2582 nono
1644 2547 1705 2582 ad-

232 2610 421 2655 scriptum,
457 2612 499 2646 ut
535 2610 799 2655 explicaretur:
838 2608 928 2647 ὅστις
967 2606 1003 2641 οὐ
1035 2605 1127 2643 δοκεῖ,
1156 2609 1236 2651 etc„
1269 2606 1327 2651 (cf.
1355 2605 1504 2643 Stobaei
1536 2606 1613 2641 cod.
1639 2606 1700 2641 A.:

232 2667 407 2714 φθείρουσι
427 2668 555 2714 βροτῶν
583 2668 732 2714 θνητῶν)
753 2679 772 2703 e
789 2667 954 2712 margine
979 2667 1018 2701 in
1042 2676 1191 2701 versum
1215 2665 1398 2700 decimum
1424 2664 1574 2700 tertium
1590 2664 1707 2708 irrep-

232 2728 325 2763 sisse
349 2728 508 2772 videtur,
533 2728 729 2772 postquam
756 2739 775 2763 e
802 2726 894 2764 νὲους
922 2724 1059 2760 factum
1085 2726 1141 2759 est
1166 2723 1269 2759 νόσω.
