1986 3223
896 241 1155 278 -24-

395 354 503 401 Quod
532 354 579 391 ab
608 354 781 392 omnibus
809 353 990 391 Achaeus
1019 353 1124 390 canis
1152 352 1320 399 eligatur
1349 352 1439 399 dux,
1477 352 1583 390 cuius
1611 353 1762 399 generis

288 421 449 458 virtutes
479 431 502 457 a
530 419 633 456 nullo
662 422 834 457 veterum
861 418 1049 464 scriptore
1077 417 1150 455 nisi
1178 428 1202 454 a
1230 417 1373 455 Babrio
1409 421 1762 463 commemorentur,

288 484 388 522 haud
430 484 542 521 dubie
584 482 794 530 significari
828 481 1176 530 praeclarissimum
1212 481 1304 519 illud
1332 482 1571 520 Achaeorum
1608 483 1761 526 bellum,

287 549 326 585 in
354 548 453 595 quod
471 548 607 586 Babrii
637 552 743 585 aetas
772 546 940 584 incidere
969 545 1138 592 putanda
1164 545 1226 584 sit.
1283 546 1391 592 Quod
1411 546 1557 585 Kelleri
1582 547 1760 585 iudicium

287 617 430 651 temere
459 612 689 658 nimiumque
718 612 949 649 festinanter
979 611 1119 648 dictum
1149 621 1232 648 esse
1267 614 1306 647 et
1334 610 1572 649 Eberhardio
1601 615 1640 650 et
1671 612 1763 650 mihi

287 678 448 716 videtur.
496 677 618 715 Iidem
651 677 748 714 enim
768 676 1014 714 Achaeorum
1052 685 1164 713 canes
1191 687 1213 712 a
1239 674 1396 713 Polluce
1407 675 1438 724 ¹)
1473 676 1760 723 praedicantur:

288 741 446 780 Γενναῖοι
461 741 563 783 κύνες
573 741 789 788 Λακωνικαί,
808 739 1199 790 Λάκαιναι,”Αρκαὸες,
1211 738 1418 790 Ἀργολίδες
1435 770 1442 778 .
1460 771 1467 777 .
1487 771 1494 778 .
1513 740 1545 778 οἱ
1559 741 1598 778 δὲ
1612 740 1715 783 κύνες
1730 742 1762 779 οἷ

287 806 464 844 Ψυλλικοὶ
499 805 716 855 καλούμενοι
745 805 814 843 ἀπὸ
843 805 983 846 πόλεως
1007 804 1186 855 Ἀχαϊκῆς
1215 802 1418 854 κέκληνται.
1475 804 1586 849 Tum,
1615 806 1763 844 etiamsi

286 872 558 909 concederetur
588 870 751 908 describi
778 871 844 907 illo
875 870 1037 917 apologo
1063 869 1306 916 Achaeorum
1335 869 1487 912 bellum,
1518 873 1647 908 tamen
1675 871 1762 909 inde

284 937 377 974 nihil
414 936 518 974 aliud
553 935 844 973 concluderetur
878 935 951 972 nisi
980 934 1165 972 Babrium
1201 938 1288 981 post
1321 934 1360 971 id
1395 939 1544 982 tempus
1577 934 1760 982 floruisse,

286 1001 363 1048 sed,
394 1006 488 1047 quot
517 1000 627 1038 annis
654 1004 743 1048 post
770 999 864 1037 illud
893 999 1032 1037 bellum
1061 999 1216 1046 vixerit,
1263 1010 1308 1036 ex
1337 999 1409 1036 hac
1443 999 1584 1037 fabella
1613 1001 1763 1038 omnino

284 1077 358 1103 non
394 1065 649 1112 cognoscitur.
705 1064 837 1102 Facile
872 1064 971 1102 enim
1001 1064 1165 1101 Babrius
1201 1063 1403 1111 apologum
1439 1074 1513 1101 non
1548 1075 1594 1102 ex
1628 1069 1763 1113 suopte

283 1131 448 1178 ingenio,
482 1130 546 1168 sed
575 1141 621 1168 ex
649 1129 724 1167 alio
755 1129 916 1176 quodam
945 1128 1155 1166 fabulatore
1184 1128 1340 1166 haurire
1368 1132 1531 1176 poterat.

392 1207 467 1246 Sed
495 1207 718 1244 recedamus
747 1207 796 1244 ad
825 1218 881 1251 ea,
912 1218 1008 1253 quae
1037 1218 1060 1244 a
1089 1206 1225 1244 Crusio
1255 1206 1301 1244 de
1320 1206 1457 1243 Babrii
1486 1209 1614 1244 aetate
1642 1210 1763 1254 temp-

286 1276 429 1310 tantur.
487 1272 593 1310 Dicit
622 1272 721 1309 enim
750 1278 902 1319 poetam
922 1271 1096 1309 floruisse
1116 1271 1349 1318 imperatore
1369 1271 1588 1309 Alexandro
1608 1269 1761 1309 Severo.

284 1338 346 1375 Ac
374 1338 536 1385 primum
567 1337 717 1384 quidem
746 1336 901 1382 Crusio,
945 1337 1095 1374 etiamsi
1129 1337 1212 1383 ipse
1247 1337 1293 1373 ab
1323 1336 1401 1373 ullo
1430 1336 1617 1383 scriptore
1647 1335 1762 1373 filium

284 1401 424 1440 Severo
468 1402 586 1439 fuisse
628 1402 731 1439 tradi
772 1406 906 1448 negat,
949 1405 1077 1439 tamen
1119 1401 1325 1439 verisimile
1359 1401 1511 1438 videtur
1540 1400 1762 1449 discipulum

284 1467 402 1505 fuisse
430 1466 549 1504 filium
578 1465 793 1504 Alexandri
822 1460 1017 1515 Severi2),
1053 1466 1193 1514 quippe
1224 1476 1333 1513 quem
1362 1466 1512 1503 omnino
1541 1476 1616 1503 non
1644 1465 1762 1503 fuisse

283 1533 486 1569 mulierum
514 1542 662 1569 osorem
692 1535 849 1569 constet.
907 1530 982 1569 Sed
1010 1532 1049 1568 in
1077 1534 1184 1569 tanto
1219 1531 1451 1578 scriptorum
1485 1531 1590 1568 illius
1625 1531 1764 1568 aetatis

283 1607 439 1635 numero
468 1595 553 1633 fieri
581 1597 751 1644 potuisse
781 1600 906 1644 putas,
940 1600 984 1633 ut
1011 1596 1281 1644 imperatorius
1309 1595 1408 1633 filius
1435 1595 1554 1633 tantis
1584 1596 1763 1633 obscura-

280 1666 389 1699 retur
423 1662 604 1706 nubibus‚
647 1666 691 1698 ut
732 1661 873 1699 nemini
912 1665 1024 1698 notus
1059 1661 1110 1698 sit
1144 1661 1216 1698 nisi
1244 1660 1494 1698 Boissonadio
1530 1663 1569 1697 et
1597 1659 1762 1698 Crusiofi‘

279 1725 484 1764 Accedunt
514 1729 716 1773 praeterea
743 1727 905 1763 maiores
934 1726 1191 1770 difficultates,
1221 1725 1356 1772 quibus
1375 1724 1533 1763 Crusius
1559 1735 1762 1772 oppressus

280 1794 324 1828 ut
357 1790 571 1838 naufragus
606 1790 749 1828 frustra
782 1791 944 1830 laboret.
1003 1789 1162 1828 Constat
1192 1791 1291 1828 enim
1319 1790 1548 1828 Dositheum
1581 1789 1621 1827 in
1653 1800 1760 1827 usum

278 1867 484 1903 puerorum
518 1855 754 1894 Graecorum
781 1855 963 1893 Latinam
991 1856 1159 1902 linguam
1189 1855 1415 1893 discentium
1443 1854 1592 1903 Hygini
1623 1865 1764 1901 genea-

278 1921 422 1968 logiam
452 1919 607 1958 Graece
637 1924 676 1958 et
703 1921 845 1958 Latine
881 1921 1123 1968 descripsisse
1157 1931 1254 1957 anno
1282 1932 1317 1968 p.
1349 1919 1439 1957 Chr.
1469 1931 1508 1959 n.
1538 1920 1644 1966 2⁰7„
1689 1930 1763 1966 quo

279 1996 376 2024 am1o
431 1985 514 2033 ipse
561 1989 672 2033 pater
721 1984 948 2023 Alexander
996 1986 1177 2033 puerulus
1227 1989 1312 2022 erat
1358 1985 1515 2022 duorum
1562 1994 1758 2022 annorum.

277 2049 413 2097 Itaque
459 2049 617 2088 Crusius
660 2061 724 2089 eos
766 2051 903 2088 Babrii
945 2051 1145 2098 apologos,
1189 2051 1281 2097 q'uos
1321 2050 1530 2087 Dositheus
1572 2049 1611 2086 in
1653 2059 1760 2086 suum

276 2114 445 2153 libellum
479 2116 635 2162 recepit,
665 2116 821 2153 haustos
851 2126 933 2153 esse
962 2126 1008 2152 ex
1035 2115 1164 2162 priore
1183 2115 1321 2152 Babrii
1350 2114 1518 2152 editione
1547 2113 1763 2151 arbitratur

276 2180 439 2228 triginta
473 2181 629 2218 circiter
659 2181 767 2218 annis
796 2185 885 2218 ante
914 2181 1077 2218 alteram
1105 2180 1144 2217 in
1171 2180 1294 2217 lucem
1322 2179 1447 2216 missa.
1505 2178 1614 2226 Quae
1648 2178 1678 2216 si
1705 2177 1762 2215 ita

374 2368 403 2411 1)
429 2368 462 2413 5,
488 2369 543 2404 37.

373 2438 402 2485 ²)
429 2437 537 2474 Nunc
579 2438 727 2485 quidem
770 2437 921 2474 Crusius
963 2437 1006 2474 cf.
1047 2437 1338 2474 Wochenschrift
1377 2437 1436 2473 fiir
1477 2436 1590 2472 klass.
1628 2434 1760 2471 Philol.

277 2498 379 2534 1891.
418 2508 455 2543 p.
483 2499 561 2533 619.
595 2508 624 2533 e.
658 2508 686 2533 s.
719 2508 741 2532 a
771 2497 907 2534 Babrio
946 2497 1127 2543 appellari
1164 2497 1256 2533 dicit
1282 2496 1493 2533 Branchum
1530 2495 1675 2540 deum,
1713 2505 1759 2530 ex

274 2566 347 2603 quo
392 2555 586 2592 Chilonem
637 2567 718 2592 esse
764 2557 893 2592 natum
939 2556 1180 2601 Aristagoras
1221 2555 1386 2591 Milesius
1434 2555 1608 2599 testetur,
1656 2553 1760 2589 velut

276 2614 442 2651 Chilonis
484 2617 521 2651 et
551 2616 691 2661 Aesopi
727 2615 924 2651 aemulum.
988 2615 1038 2651 Ut
1074 2615 1148 2651 alia
1190 2615 1501 2661 praetermittam,
1540 2624 1635 2659 quae
1672 2612 1758 2648 huic

274 2673 440 2719 opinioni
480 2673 740 2721 adversanturf,
780 2674 879 2710 haud
923 2674 1034 2710 dubie
1069 2674 1162 2710 illud
1201 2672 1228 2707 ὦ
1270 2673 1404 2721 Βρά-[χε
1448 2672 1594 2706 τέκνον
1637 2671 1758 2707 Crusii

274 2733 485 2769 sententiae
511 2733 643 2769 obstat.
