1986 3223
884 263 1114 300 -8-

365 370 436 409 Cui
465 371 560 408 talia
587 372 730 418 legenti
760 383 833 409 non
863 372 1087 409 Archilochi
1116 373 1211 410 illud
1240 374 1346 411 venit
1376 374 1414 410 in
1444 374 1631 412 mentem?

541 435 632 485 ἐρέω
661 435 721 473 τιν’
751 436 830 484 ὑμῖν
859 435 968 480 αἶνον,
998 435 1028 472 ὦ
1059 435 1261 486 Κηρυκίόη,

594 499 777 550 ἀχνυμένη
807 499 978 549 σκυτάλη.

540 563 694 613 πίθηκος
721 562 779 614 ᾔει
808 563 944 614 θηρίων
974 564 1182 614 ἀποκριθείς

595 629 726 676 μοῦνος
756 627 804 665 ἀν’
836 628 1013 679 ἐσχατιήν.

540 692 592 740 τῷ
620 692 649 728 δ’
682 690 733 741 ἆρ’
764 691 912 741 ἀλώπηξ
941 694 1099 742 κερδαλῆ
1129 693 1317 742 συνήντετο

346 791 348 793 ,
594 756 725 793 πυκνὸν
755 757 889 806 ἔχουσα
917 756 1010 793 νόον.

367 819 425 856 Ex
455 820 623 866 pedestri
650 823 778 857 autem
808 821 1034 867 paraphrasi
1063 821 1205 858 codicis
1234 820 1473 868 Augustani,
1512 833 1608 868 quae
1637 823 1739 870 apud

262 884 456 921 Halmium
484 894 565 922 nro.
592 885 654 922 43.
675 884 831 930 legitur,
861 884 1103 925 manifestum
1133 888 1190 922 est
1218 886 1342 932 prima
1362 886 1429 922 illa
1449 886 1584 924 Babrii
1603 888 1737 925 verba:

1084 948 1127 997 ἢν
1157 949 1243 999 ὁρᾷς
1272 949 1416 999 στήλην,

756 1012 836 1061 ἐμοὶ
865 1011 1011 1063 πατρῴη
1042 1013 1070 1050 τ’
1092 1013 1165 1050 ἐστί
1193 1017 1264 1051 etc.

263 1089 338 1114 non
367 1078 491 1124 vulpis
520 1088 602 1115 esse
630 1077 696 1114 sed
724 1078 836 1114 simii.
894 1078 1022 1126 Quare
1051 1078 1152 1115 idem
1182 1089 1291 1115 error
1320 1082 1359 1115 et
1387 1079 1426 1116 in
1455 1078 1586 1117 codice
1604 1078 1737 1116 Athoo

263 1146 301 1179 et
329 1142 368 1178 in
389 1141 528 1180 Suidae
558 1142 767 1190 exemplari
795 1141 909 1179 fuisse
937 1142 1099 1179 videtur.
1148 1142 1486 1180 Hemistichiorum
1513 1143 1613 1180 enim
1632 1143 1740 1181 sedes

263 1218 309 1243 ea
336 1218 379 1243 re
408 1207 563 1244 turbata
592 1210 661 1249 est,
697 1207 798 1252 quod
831 1207 955 1253 prima
989 1207 1096 1243 tertii
1131 1217 1264 1244 versus
1299 1217 1405 1253 pars:
1442 1206 1562 1256 κερδὼ
1596 1207 1740 1257 πιθήκῳ

263 1270 366 1320 φησίν
408 1272 506 1308 male
549 1274 783 1317 transposita
825 1275 883 1308 est
916 1271 955 1307 in
993 1271 1155 1318 primum
1191 1271 1352 1307 stichum
1381 1272 1578 1318 primaque
1607 1275 1739 1309 contra

264 1336 376 1382 primi
418 1346 549 1372 versus
591 1347 681 1382 pars
723 1336 762 1372 in
803 1336 960 1372 tertium
1005 1336 1181 1372 stichum.
1239 1335 1297 1372 Ex
1332 1336 1403 1372 tali
1439 1340 1564 1372 aulem
1593 1336 1741 1373 librarii

265 1401 459 1438 cuiusdam
488 1400 725 1447 negligentia
752 1400 791 1437 id
820 1400 971 1447 quidem
1006 1401 1126 1437 conici
1161 1404 1307 1447 potest,
1352 1411 1437 1437 cum
1471 1400 1573 1437 idem
1606 1401 1742 1438 vitium

265 1472 304 1505 et
345 1465 447 1513 apud.
488 1464 688 1512 Suidam1)
731 1469 770 1502 et
810 1465 849 1501 in
896 1465 1026 1502 codice
1069 1464 1113 1502 A.
1157 1465 1325 1511 legatur,
1361 1455 1567 1510 utriusque
1595 1468 1741 1502 textum

265 1541 438 1568 manasse
467 1542 513 1567 ex
542 1541 615 1567 uno
646 1529 852 1576 eodemque
882 1530 1102 1576 archetypo,
1132 1528 1194 1575 qui
1224 1529 1409 1575 paulatim
1438 1532 1654 1576 temporum
1674 1530 1743 1566 ini-

265 1596 411 1641 quitate
440 1595 550 1632 foede
581 1595 757 1631 turbatus
786 1596 854 1631 est.
911 1594 1047 1630 Babrii
1076 1593 1175 1630 enim
1194 1593 1348 1630 fabulae
1367 1593 1407 1629 in
1426 1593 1565 1633 scholis
1585 1594 1745 1630 multum

265 1661 388 1698 lectae
417 1664 533 1707 atque
563 1660 778 1707 explicatae
806 1671 877 1696 usu
908 1659 1101 1696 cotidiano
1132 1659 1404 1705 discipulorum
1431 1658 1488 1695 ita
1507 1659 1742 1702 terebantur,

266 1729 309 1762 ut
350 1726 468 1762 verba
496 1728 633 1772 poetae
675 1726 749 1762 n'on
791 1725 916 1765 solum(
947 1723 1253 1770 corruptelarum
1288 1722 1464 1760 sordibus
1492 1722 1744 1766 abundarent,

265 1790 330 1828 sed
360 1791 475 1827 etiam
505 1789 797 1826 decurtarentur
826 1791 864 1825 et
892 1788 1230 1834 interpolarentur.

372 1854 523 1898 Restat,
543 1857 586 1890 ut
603 1864 716 1900 quam
737 1853 960 1890 brevissime
979 1852 1228 1898 inquiramus,
1250 1854 1379 1888 utrum
1399 1861 1456 1895 ea,
1478 1861 1591 1897 quam
1611 1851 1745 1888 habuit

265 1918 420 1964 Suidas,
456 1918 626 1956 recensio
663 1929 710 1954 an
739 1917 918 1954 Athoana
951 1917 990 1953 in
1019 1915 1152 1953 Babrii
1188 1915 1360 1962 apologis
1395 1915 1600 1962 purgandis
1628 1925 1746 1962 prae-

266 1983 426 2021 ferenda
445 1984 506 2020 sit.
542 1982 589 2019 Id
605 1983 703 2020 enim
719 1982 879 2028 singulis
895 1981 1131 2027 argumentis
1152 1981 1400 2027 comprobare
1421 1990 1744 2027 supervacaneum

265 2047 419 2084 videtur
446 2045 605 2083 Suidam
640 2046 792 2082 fabulas
828 2045 961 2082 Babrii
996 2055 1069 2081 non
1105 2055 1125 2081 e
1160 2044 1289 2081 codice
1324 2044 1449 2080 Athoo
1486 2043 1741 2090 descripsisse.

266 2110 396 2157 thue
426 2114 572 2148 certum
600 2109 671 2148 fiat
690 2110 873 2148 iudicium
893 2110 938 2146 de
958 2110 1032 2146 fide
1051 2109 1247 2155 utriusque
1267 2108 1512 2153 recensionis,
1543 2107 1742 2145 nonnullos

265 2175 368 2212 locos
387 2185 607 2222 comparare
627 2179 687 2212 sat
702 2178 772 2219 est,
794 2175 905 2219 unde,
925 2174 1050 2211 utrius
1064 2173 1179 2210 lectio
1195 2173 1245 2209 sit
1259 2172 1488 2219 recipienda,
1511 2171 1743 2219 appareat2).

369 2239 534 2286 Legitur
564 2243 709 2276 autem:

375 2305 407 2341 1.
439 2303 538 2351 apud
567 2302 723 2340 Suidam
752 2314 781 2340 s.
811 2313 844 2340 a.
876 2301 968 2351 ἀμᾷε

548 2368 608 2404 νῦν
638 2367 727 2404 ἐστιν
758 2366 881 2412 ὄντως,
913 2367 1046 2409 παῖδες,
1078 2365 1121 2403 ἐκ
1148 2363 1270 2402 τόπων
1300 2363 1451 2413 φεύγειν,

548 2431 596 2469 ὅτ’
627 2431 731 2472 αὐτὸς
760 2431 835 2481 ἀμᾷ
863 2432 896 2469 κ’
929 2430 969 2468 οὐ
996 2430 1123 2479 φίλοισι
1150 2428 1313 2466 πιστεύει.

362 2519 391 2565 ¹)
416 2518 546 2564 Neque
577 2517 838 2563 negligendum
864 2519 934 2560 est,
968 2516 1064 2563 quod
1091 2514 1373 2551 Rutherfordjus
1400 2514 1577 2551 Suidiana
1601 2524 1674 2549 non
1701 2525 1745 2549 ex

266 2588 339 2612 uno
365 2577 567 2622 exemplari
593 2577 742 2612 fluxisse
768 2576 902 2621 posuit,
936 2586 1009 2621 qua
1035 2575 1080 2610 de
1104 2585 1145 2609 re
1170 2584 1244 2609 non
1269 2573 1386 2608 audeo
1411 2572 1532 2608 facere
1556 2572 1744 2616 iudicium,

267 2636 354 2681 quia
390 2636 520 2671 deesse
557 2636 703 2671 videtur
740 2636 840 2670 certa
871 2635 1051 2680 firmaque
1082 2644 1223 2677 norma,
1256 2643 1328 2678 qua
1355 2631 1489 2668 Suidae
1516 2630 1744 2676 exemplaria

266 2693 452 2729 Babriana
475 2694 620 2739 possint
645 2693 805 2738 seiungi.'

363 2753 389 2796 2)
417 2751 459 2788 cf.
485 2752 595 2787 Babr.
622 2752 676 2788 ed.
703 2750 938 2787 Rutherford.
988 2750 1151 2786 London.
1183 2750 1282 2785 1883.
1331 2760 1365 2794 p.
1393 2750 1450 2785 53.
