1986 3223
841 231 1101 269 ..23-

234 356 334 394 unde
353 356 535 403 sequitur,
556 357 599 392 ut
612 353 778 393 Babrius
797 354 937 394 vixisse
955 354 1147 402 putandus
1167 354 1272 391 sitin
1286 353 1483 402 Aegypto.
1520 353 1710 400 Iuvatque

233 420 400 458 Phaedri
427 419 596 457 fabulam
606 418 636 467 1)
671 418 718 456 de
753 419 903 456 cornice
937 419 1073 456 alienis
1108 419 1244 466 pennis
1273 421 1458 456 exornata
1486 428 1709 465 comparare

233 496 319 523 cum
345 485 411 522 illo
439 484 572 522 Babrii
600 484 760 531 apologo
789 493 910 530 neque
938 483 1075 520 mirum
1104 486 1181 527 est,
1227 482 1328 529 quod
1361 482 1464 530 apud
1490 481 1710 520 Phaedrum

234 549 414 596 graculus
433 548 618 596 superbus
637 558 781 596 pennas
799 548 951 595 pavoni,
981 559 1078 594 quae
1107 547 1339 595 deciderant,
1372 547 1546 592 sustulit;
1573 557 1708 594 nempe

233 613 450 651 Phaedrum
479 612 641 650 fabellas
677 611 945 659 conscripsisse
981 612 1124 649 Romae
1159 614 1321 649 constat.
1382 610 1530 660 Aesopi
1564 615 1708 659 autem,

232 677 299 724 qui
326 678 462 723 fertur,
492 677 622 714 sabula
650 677 744 714 haec
772 679 848 714 est:
903 674 986 713 Τῶν
1015 675 1149 726 ὀρνέων
1180 675 1476 726 βουλευσαμένων
1504 675 1584 726 περὶ
1612 677 1707 725 βασι-

235 741 330 783 λείας
369 741 467 783 ταὼς
494 740 592 791 ἠξίου
622 740 747 778 ἑαυτὸν
776 740 1054 791 χειροτονεῖσθαι
1082 739 1226 790 βασιλέα
1255 740 1310 778 διὰ
1338 740 1378 778 τὸ
1406 739 1551 782 κάλλος.
1585 740 1706 789 ὁρμω-

232 805 351 855 μένων
386 805 425 843 δὲ
467 805 524 842 ἐπὶ
557 806 662 843 τοῦτο
703 807 774 842 τῶν
803 804 937 855 ὀρνέων
979 804 1121 846 κολοιὸς
1154 803 1262 842 εἶπεν·
1300 803 1399 850 »ἀλλ’
1428 803 1490 842 ἐὰν
1519 805 1581 842 σοῦ
1610 806 1707 854 βασι-

233 869 399 911 λεύοντος
426 870 445 907 ὁ
474 869 576 911 ἀετὸς
604 871 699 920 ἡμᾶς
727 869 853 920 διώκῃ,
883 871 960 911 πῶς
986 870 1070 919 ἡμῖν
1099 867 1352 920 ἐπαρκέσεις;“

335 934 517 973 Ceterum
551 945 625 972 non
668 934 934 983 opponendum
977 934 1145 981 videtur,
1191 934 1290 981 quod
1330 933 1405 972 fab.
1437 935 1498 973 65.
1541 945 1641 981 pavo
1683 945 1706 973 a

229 999 372 1037 Babrio
400 1000 573 1046 citatur,
617 999 706 1046 quia
740 1010 826 1037 eum
862 999 1063 1046 apologum
1097 999 1264 1046 spurium
1300 1009 1382 1036 esse
1410 998 1705 1037 Rutherfordius

228 1067 333 1102 recte
374 1065 540 1112 monuit,
582 1075 703 1111 neque
743 1065 905 1102 multum
937 1064 1180 1102 tribuendum
1213 1067 1272 1102 est
1300 1063 1441 1102 Suidae
1474 1064 1704 1110 testimonio,

229 1129 333 1166 cuius
353 1141 373 1166 e
393 1129 606 1176 fragmento
626 1130 694 1167 sub
723 1140 816 1168 voce
844 1127 994 1179 γέρανος
1021 1132 1188 1173 servato,
1217 1133 1401 1176 quantum
1430 1129 1547 1167 distet
1574 1129 1705 1166 fabula

228 1192 370 1238 Ath0a‚
399 1194 651 1241 intelligatur,
681 1194 909 1240 praesertim
938 1205 1022 1231 cum
1051 1194 1127 1231 iam
1155 1205 1271 1241 supra
1300 1204 1376 1231 11011
1405 1204 1534 1231 omnes
1552 1193 1704 1231 fabulas

228 1269 251 1295 a
280 1257 398 1296 Suida
426 1258 569 1296 Babrio
599 1258 771 1296 addictas
799 1269 882 1296 esse
911 1259 1096 1305 genuinas
1125 1259 1307 1297 certiores
1335 1258 1432 1297 facti
1459 1259 1586 1296 simus.

929 1417 1000 1456 XI.

332 1504 447 1544 Nunc
481 1505 651 1543 breviter
687 1505 825 1552 dicam,
870 1506 960 1553 quid
994 1506 1086 1544 mihi
1120 1506 1298 1544 videatur
1326 1506 1371 1544 de
1399 1505 1533 1545 Babrii
1561 1510 1700 1545 aetate.

227 1568 290 1607 Ac
317 1569 480 1617 primum
510 1570 660 1617 quidem
688 1574 803 1617 poeta
829 1581 904 1608 non
933 1581 976 1608 eo
1005 1571 1130 1608 utitur
1158 1570 1309 1609 dicendi
1335 1582 1490 1617 genere,
1526 1575 1569 1609 ut
1597 1575 1702 1609 certo

228 1637 335 1672 aetas
369 1634 491 1681 possit
525 1634 794 1672 circumscribi.
850 1634 987 1682 Itaque
1021 1635 1276 1673 Zachariaeus
1309 1636 1349 1674 111
1383 1647 1466 1674 eam
1500 1636 1703 1674 adducitur

227 1698 471 1743 sententiam,
516 1702 560 1736 ut
592 1699 674 1747 ipse
716 1699 955 1737 confiteatur:
1015 1700 1272 1747 „Quamquam
1306 1701 1426 1738 multa
1458 1701 1499 1738 in
1525 1701 1585 1738 his
1619 1701 1701 1750 (scl.

227 1763 376 1811 Babrii)
406 1763 546 1801 fabulis
573 1763 715 1807 insunt,
744 1775 842 1810 quae
870 1764 985 1801 etiam
1012 1765 1132 1802 serius
1151 1769 1300 1812 tempus
1320 1769 1543 1813 monstrant,
1574 1769 1701 1804 tamen

228 1838 284 1873 eo,
319 1827 421 1874 quod
453 1828 529 1865 iam
557 1828 766 1866 Dositheus
793 1828 983 1876 Magister
1017 1833 1056 1867 et
1082 1829 1263 1867 Julianus
1290 1830 1476 1868 Babrium
1503 1836 1701 1877 noverunt,

225 1892 468 1939 impedimur,
510 1903 558 1930 ne
593 1904 678 1930 eum
712 1894 828 1931 tertio
862 1893 1012 1931 saeculo
1047 1895 1107 1931 vel
1139 1894 1275 1932 seriori
1303 1905 1397 1933 aevo
1426 1895 1698 1942 assignemus.“

225 1956 363 2008 Itaque
390 1968 437 1994 ex
463 1958 577 1994 rebus
603 1957 697 2005 ipsis
726 1958 880 1995 termini
915 1959 1056 1997 aetatis
1084 1958 1239 2003 Babrii‚
1283 1963 1465 2006 quantum
1501 1971 1562 1998 res
1595 1961 1701 2008 ipsae

226 2020 426 2066 sufficiunt,
461 2022 685 2068 exquirendi
713 2022 900 2060 videntur.
956 2022 1019 2061 Ac
1046 2023 1209 2070 primum
1238 2024 1388 2071 quidem
1416 2024 1517 2062 haud
1546 2025 1700 2063 dubium

227 2090 296 2131 est,
333 2087 422 2133 quin
449 2085 617 2124 Babrius
646 2091 735 2125 ante
762 2087 998 2132 Dositheum‚
1036 2088 1100 2135 qui
1128 2087 1257 2126 floruit
1285 2089 1401 2127 tertio
1430 2093 1517 2137 post
1545 2089 1633 2127 Chr.
1662 2101 1700 2129 11.

225 2151 390 2196 saeculo,
418 2151 602 2199 apologos
629 2151 846 2198 confecerit,
877 2163 960 2190 cum
982 2152 1028 2190 ab
1050 2163 1094 2190 eo
1115 2153 1266 2191 citetur.
1321 2154 1503 2192 Kellerus
1513 2154 1544 2203 2)
1572 2158 1701 2193 autem

224 2214 409 2253 Babrium
444 2215 524 2253 dies
556 2216 643 2254 illas
671 2217 908 2254 tristissimas
942 2217 1082 2255 vidisse
1116 2222 1250 2265 putat,
1294 2219 1429 2265 quibus
1456 2218 1701 2257 Achaeorum

225 2279 360 2318 foedus
386 2291 462 2318 una
490 2292 573 2318 cum
604 2282 770 2319 omnium
792 2281 1024 2319 Graecorum
1051 2282 1232 2320 libertate
1251 2283 1521 2330 gloriosissime
1541 2284 1697 2332 periret,

225 2355 310 2382 cum
350 2356 425 2382 non
466 2345 518 2383 sit
559 2345 824 2392 dubitandum,
868 2347 957 2394 quin
996 2347 1044 2384 ad
1080 2347 1149 2384 illa
1182 2350 1354 2396 tempora
1388 2349 1570 2398 respiciat
1606 2349 1701 2387 haec

226 2407 360 2447 Babrii
386 2409 574 2459 sabula³):

331 2471 444 2511 Κυσίν
471 2472 547 2512 ποτ’
578 2474 694 2526 ἔχθρα
722 2474 781 2514 καὶ
810 2474 929 2517 λύκοις
956 2475 1174 2526 συνειστήκει
1200 2479 1272 2515 etc.

321 2606 350 2650 ¹)
374 2606 445 2643 fab.
475 2610 505 2653 1,
530 2609 562 2644 3.

323 2665 351 2709 ²)
375 2663 501 2703 Fleck.
550 2667 678 2703 Jahrb.
704 2667 831 2714 Suppl.
858 2667 918 2703 IV.
944 2678 979 2714 p.
1006 2669 1086 2705 386.
1113 2679 1144 2705 e.
1169 2679 1198 2705 S.

321 2723 351 2768 ³)
376 2722 448 2759 fab.
475 2726 532 2761 85.
