1986 3223
806 201 1065 237 -15-

301 310 467 348 Restant
495 310 635 357 igitur:

195 373 449 421 Hipponactis
478 374 681 412 choliambi
695 373 724 422 ¹)
759 375 852 419 149,
896 385 1055 421 quorum
1091 378 1230 411 exeunt
1271 376 1310 412 in
1339 375 1506 423 syllabas
1534 378 1672 412 natura

301 439 436 484 longas
464 438 551 475 circ.
590 438 639 474 95
668 449 817 482 versus,
847 438 888 475 in
922 440 970 484 αῖ,
1001 440 1050 483 οἲ,
1081 453 1109 482 ς,
1140 453 1156 473 ν
1187 442 1225 476 et
1252 439 1381 477 enclit.
1417 440 1504 477 circ.
1534 440 1602 485 40,
1632 439 1672 476 in

301 502 453 540 brevem
483 502 654 539 vocalem
683 502 771 538 circ.
806 502 865 538 14.

194 565 342 603 Ananii
361 565 563 602 choliambi
586 565 643 610 14,
665 576 829 611 quorum
858 568 998 603 exeunt
1016 566 1056 602 in
1075 566 1243 612 syllabas
1263 570 1400 604 natura
1419 566 1554 612 longas
1582 567 1671 606 circ.

300 630 325 666 8
352 640 497 673 versus,
526 630 566 666 in
595 631 645 674 αῖ,
681 632 729 672 οἵ,
759 644 786 676 ς,
817 644 834 665 ν
864 633 903 666 et
931 630 1058 667 enclit.
1087 630 1174 668 circ.
1203 631 1240 674 4,
1269 630 1308 666 in
1332 630 1484 668 brevem
1503 630 1673 667 vocalem

302 693 389 731 circ.
420 694 456 729 2.

194 757 443 795 Aeschrionis
471 757 673 794 choliambi
697 758 756 802 16,
787 768 945 803 quorum
975 760 1116 794 exeunt
1134 757 1174 793 in
1193 757 1362 804 syllabas
1382 760 1520 794 natura
1537 757 1673 803 longas

301 822 388 858 circ.
426 821 448 857 7
477 832 626 865 versus,
670 821 709 857 in
738 822 788 865 αῖ,
817 822 866 865 οἵ,
895 835 924 865 ς,
954 835 971 856 ν
1001 824 1040 857 et
1074 821 1202 858 enclit.
1238 821 1325 857 circ.
1366 821 1405 867 6,
1437 821 1476 858 in
1517 821 1674 858 brevem

300 886 471 923 vocalem
500 886 588 922 circ.
621 886 655 921 3.

194 948 397 986 Phoenicis
426 949 627 986 choliambi
657 949 719 991 50,
750 959 908 995 quorum
939 952 1078 985 exeunt
1107 948 1147 985 in
1175 948 1342 995 syllabas
1370 951 1509 985 natura
1537 948 1673 994 longas

301 1013 398 1050 circ.v
419 1014 468 1050 29
498 1023 642 1057 versus,
671 1013 709 1049 in
738 1014 790 1057 αῖ,
820 1013 867 1058 οἶ,
899 1026 927 1057 ς,
957 1027 974 1047 ν
1003 1015 1042 1049 et
1070 1012 1198 1049 enclit.
1235 1012 1323 1049 circ.
1364 1013 1424 1055 18,
1452 1012 1493 1048 in
1521 1012 1674 1049 brevem

299 1077 468 1115 vocalem
498 1077 585 1114 circ.
619 1078 654 1114 3.

194 1140 417 1179 Callimachi
446 1141 649 1178 choliambi
672 1140 734 1185 50,
766 1151 927 1187 quorum
956 1143 1096 1177 exeunt
1116 1140 1155 1176 in
1183 1140 1350 1187 syllabas
1376 1142 1514 1176 natura
1541 1139 1673 1186 longas

300 1206 387 1243 circ.
426 1206 476 1242 30
503 1216 645 1250 versus
677 1205 716 1241 in
745 1207 794 1249 αἵ,
826 1206 871 1251 οἵ,
904 1219 931 1247 ς,
961 1219 978 1239 ν
1008 1208 1048 1241 et
1077 1204 1207 1241 enclit.
1238 1204 1327 1240 circ.
1361 1205 1419 1248 15,
1455 1204 1494 1240 in
1524 1203 1674 1241 brevem

299 1270 467 1307 vocalem
497 1270 586 1307 circ.
618 1271 652 1307 5.

193 1334 295 1371 tituli
322 1334 435 1381 primi
464 1334 667 1371 choliambi
687 1335 721 1377 3,
752 1345 912 1380 quorum
942 1336 1084 1370 exeunt
1111 1332 1151 1369 in
1179 1332 1347 1380 syllabas
1368 1335 1509 1368 natura
1536 1332 1671 1377 longas

301 1400 321 1435 1
352 1409 499 1444 versus,
542 1398 582 1434 in
610 1400 664 1443 αῖ,
696 1399 744 1440 oi,
775 1412 803 1444 ς,
834 1412 851 1432 ν
881 1401 920 1434 et
949 1397 1076 1434 enclit.
1110 1398 1150 1439 1,
1180 1396 1219 1433 in
1248 1395 1398 1433 brevem
1427 1396 1597 1432 vocalem
1641 1397 1673 1433 1.

193 1462 299 1500 tituli
318 1462 471 1500 secundi
490 1462 693 1499 choliambi
717 1463 776 1506 12,
800 1472 958 1507 quorum
979 1463 1120 1497 exeunt
1138 1460 1178 1496 in
1197 1460 1363 1506 syllabas
1385 1462 1522 1496 natura
1541 1459 1673 1505 longas

302 1527 324 1564 6
354 1538 503 1570 versus,
545 1526 584 1562 in
613 1529 663 1570 αῖ,
701 1528 747 1572 οἵ,
780 1540 808 1569 ς,
838 1540 855 1561 ν
885 1528 924 1562 et
952 1525 1080 1561 enclit.
1111 1524 1155 1567 4,
1184 1524 1224 1560 in
1251 1524 1405 1561 brevem
1438 1523 1608 1560 vocalem
1637 1523 1672 1559 2.

194 1591 300 1628 tituli
327 1591 434 1628 tertii
463 1590 666 1626 choliambi
686 1591 722 1631 4,
753 1600 910 1635 quorum
940 1592 1080 1625 exeunt
1109 1588 1148 1625 in
1177 1587 1342 1635 syllabas
1370 1590 1509 1624 natura
1536 1587 1672 1633 longas

289 1683 315 1727 ¹)
343 1693 413 1728 quo
439 1692 592 1716 numero
618 1681 692 1716 iam
718 1680 1083 1725 comprehenduntur
1108 1681 1184 1714 tres
1211 1690 1338 1714 versus
1365 1679 1402 1713 in
1429 1678 1672 1714 Choerobosci

192 1751 284 1778 com.
308 1741 348 1776 in
373 1740 492 1785 Heph.
518 1740 621 1777 ench.
671 1739 827 1785 (Anecd.
854 1738 1101 1775 Studemundi
1126 1737 1189 1782 I.):

272 1801 304 1844 1)
330 1810 365 1844 p.
383 1800 440 1843 45,
461 1801 531 1834 l4.:
560 1798 688 1831 ἐκέλευε
709 1797 843 1843 βάλλειν
869 1797 922 1830 καὶ
947 1796 1054 1829 laese)
1082 1796 1150 1840 (sic
1176 1796 1383 1840 Hipponax,
1408 1795 1524 1830 recita
1543 1794 1671 1837 λέΡείν)

1066 1854 1285 1889 ιΙτῑπ<1’1νακτα.

269 1919 304 1960 2)
331 1928 367 1962 p.
385 1918 442 1960 48,
463 1917 536 1951 10.:
561 1915 684 1948 δοκέων
711 1915 830 1948 ἐκεῖνον
855 1916 895 1959 τῆ
924 1913 1085 1959 βακτηρίᾳ
1110 1913 1210 1958 κόψαι
1236 1912 1366 1957 (recita
1392 1906 1558 1958 βατηρίᾳ).

269 1977 304 2021 3)
330 1975 419 2011 ibid.
437 1978 494 2018 48,
516 1977 588 2012 12:
607 1972 761 2020 ἡμίεκτον
781 1973 914 2018 (recita
938 1973 1090 2018 ήμίετον)
1118 1969 1201 2004 αἰτεῖ
1224 1973 1280 2004 τοῦ
1309 1969 1426 2016 posnam
1453 1969 1626 2015 κολυῖψαίε,

334 2033 432 2080 quod
463 2033 627 2068 Dielsius
657 2032 844 2068 emendat:
877 2030 1031 2077 ἡμίεκτον
1072 2029 1168 2063 αἰτεῖ·
1207 2032 1264 2062 τοῦ
1308 2028 1424 2074 <pollam
1457 2028 1672 2073 ’κκολάψεῑεω

334 2092 554 2135 Memmius,
593 2102 702 2137 quem
728 2091 863 2135 stipem
888 2090 1092 2133 rogaverat,
1119 2089 1160 2123 ut
1189 2087 1295 2132 solet,
1326 2088 1454 2131 poeta,
1492 2086 1671 2132 loquitur:

335 2150 596 2186 semimodium
614 2160 671 2184 me
690 2148 855 2194 postulat
863 2162 870 2191 ;
897 2158 969 2182 non
990 2148 1125 2182 habeo:
1153 2157 1172 2181 e
1189 2145 1354 2181 mentula
1371 2144 1461 2179 mihi
1484 2144 1672 2179 extundat.

335 2209 533 2244 Praeterea
550 2207 858 2243 Reitzensteinius
877 2206 966 2252 (ind.
984 2205 1098 2241 schol.
1116 2205 1218 2239 Rost.
1241 2204 1403 2239 1890l91.
1424 2214 1458 2248 p.
1474 2204 1518 2245 7.)
1537 2202 1674 2247 Hippo-

334 2268 452 2302 nactis
478 2267 683 2311 fragmento
709 2267 753 2301 33
780 2276 894 2300 unum
920 2274 1069 2299 versum
1094 2262 1212 2298 addit:

621 2321 671 2363 τίς
699 2324 943 2370 ὅμφαλητόμος
972 2335 1006 2356 σε
1032 2321 1089 2355 τὸν
1117 2321 1279 2367 διπλῆ-ῳ.

621 2382 725 2429 ἔψησε
752 2382 954 2415 winsia-2322
981 2379 1216 2426 ἀσκαρίζονῑα.

335 2442 572 2485 Libertatem,
611 2452 684 2487 qua
713 2450 993 2485 nonnumquam
1027 2439 1225 2483 Hipponax
1256 2448 1345 2473 usus
1377 2436 1559 2482 syllabam
1590 2445 1672 2470 cum

334 2500 468 2536 litteris
493 2512 530 2533 κῑ
553 2499 793 2544 compositam
813 2498 961 2533 admisit
979 2508 1045 2543 pro
1064 2497 1167 2532 brevi
1192 2496 1345 2541 syllaba,
1363 2494 1488 2529 illudit
1505 2493 1668 2529 Rhintho

337 2559 405 2594 hoc
430 2559 557 2594 modo:

530 2616 754 2654 ‘lumbum-„03
781 2613 818 2648 τ’)
846 2615 968 2660 μέτρον
985 2634 1028 2639 -
1045 2612 1139 2647 οὐδέν
1166 2623 1221 2659 μοι
1247 2612 1350 2658 μέλει.

338 2675 380 2710 cf.
407 2674 576 2718 Voelker,
603 2674 755 2710 Rhinth.
782 2672 911 2718 fragm.
938 2683 972 2717 p.
1000 2673 1059 2710 ⁶29.
