1986 3223
839 234 1073 269 -7-

221 347 371 385 etiamsi
398 346 483 383 fieri
510 345 679 392 potuisse
708 343 922 389 concedam,
954 347 997 379 ut
1025 342 1228 379 nonnullae
1247 341 1398 378 illorum
1419 340 1551 377 Babrii
1569 340 1693 376 imita-

220 416 345 449 torum
373 410 537 447 fabellae
567 409 737 455 quamvis
765 411 935 444 mutatae
961 407 999 443 in
1019 406 1159 443 Suidae
1179 407 1372 447 thesauro,
1403 405 1467 450 qui
1486 404 1694 449 inscriptus

220 479 278 512 est
307 472 470 519 Μυθικοὶ,
514 476 773 510 servarentur.
828 472 875 508 Id
910 472 1008 508 enim
1043 470 1244 507 tenendum
1280 473 1339 506 est
1365 468 1548 505 Babrium
1582 467 1695 503 nullis

222 539 307 576 aliis
335 538 507 576 versibus
536 537 719 584 apologos
747 536 900 572 finxisse
929 535 1002 571 nisi
1038 534 1277 578 choliambis‚
1320 532 1532 569 imitatores
1567 533 1691 567 tamen

219 603 354 640 Babrii
405 602 556 638 fabulas
602 611 872 647 saepenumero
920 598 1172 635 transfudisse
1218 597 1257 633 in
1302 606 1436 633 versus
1484 595 1693 641 dactylicos

218 667 484 712 iambicosque.

919 797 988 834 VI.

324 876 434 912 Nunc
462 877 590 912 autem
611 874 746 911 Babrii
767 873 1011 920 exemplaria,
1043 872 1176 918 quibus
1196 869 1331 908 Suidas
1352 875 1392 907 et
1410 869 1535 907 scriba
1556 868 1694 906 codicis

219 939 339 977 Athoi
381 942 468 976 sunt
502 939 578 984 usi,
622 937 839 975 accuratius
872 937 981 973 nobis
1017 935 1264 973 describenda
1293 938 1392 972 sunt.
1447 935 1509 971 Ac
1538 933 1693 971 Suidam

218 1004 370 1049 quidem
389 1003 524 1040 Babrii
551 1003 671 1039 libros
690 1013 762 1039 non
784 1002 939 1039 seorsim
960 1001 999 1037 in
1019 1011 1093 1037 uno
1113 1000 1241 1037 codice
1262 999 1500 1045 conscriptos
1520 998 1694 1034 manibus

218 1068 398 1113 tenuisse,
428 1067 494 1104 sed
519 1066 745 1103 fabellarum
774 1076 909 1112 corpus
939 1065 1125 1111 quoddam
1153 1064 1317 1109 undique
1346 1063 1589 1100 collectarum
1619 1063 1693 1099 iam

219 1136 332 1169 antea
373 1132 516 1169 dictum
559 1134 627 1167 est.
698 1128 898 1176 Leguntur
940 1129 1039 1166 enim
1081 1129 1184 1175 apud
1225 1128 1379 1165 Suidam
1420 1128 1489 1164 sub
1532 1127 1693 1164 articulo

219 1195 370 1245 ἑταιρεία
398 1196 437 1232 hi
465 1206 615 1232 versus:

384 1270 491 1309 θέντο
522 1270 597 1319 μετἸ
629 1271 830 1320 ἀλλήλοισιν
860 1270 1033 1320 ἑταιρείην
1064 1269 1131 1319 μόε
1160 1269 1245 1306 δοιώ

385 1335 426 1372 οὐ
456 1335 536 1373 καθ’
567 1335 641 1383 ὁμὰ
670 1335 833 1377 ζώοντες.
892 1335 910 1371 ὃ
940 1335 1004 1383 μὲν
1034 1334 1126 1372 κατὰ
1155 1333 1245 1371 νειὸν
1274 1332 1412 1382 ἐρήμην

385 1399 560 1449 ἔτρεφεθ’,
591 1399 629 1440 ὃς
659 1399 697 1436 δὲ
726 1399 882 1448 δόμοισιν
911 1398 947 1435 ἐν
978 1398 1131 1448 ἀφνειῶν
1160 1396 1299 1447 τρέφετἱ
1330 1397 1482 1446 ἀνδρῶν.

324 1475 427 1513 Aliis
455 1480 582 1512 tamen
611 1475 706 1513 locis
726 1475 864 1513 Suidas
886 1475 933 1512 ad
953 1475 1112 1512 eundem
1133 1475 1334 1521 apologum
1355 1485 1430 1511 non
1449 1473 1694 1516 hexametris,

219 1541 285 1577 sed
312 1540 423 1577 iustis
452 1540 674 1577 choliambis
701 1540 859 1586 respicit
887 1539 991 1576 velut
1019 1540 1087 1576 sub
1116 1549 1208 1577 voce
1237 1536 1426 1587 σωροίκους
1453 1542 1493 1575 et
1512 1539 1581 1574 sub
1602 1548 1692 1574 voce

221 1606 378 1653 κρίμνον.
433 1605 557 1650 Quare
589 1604 682 1641 haec
718 1604 871 1651 apologi
903 1603 1122 1650 fragmenta
1153 1604 1210 1640 ita
1251 1602 1464 1640 dirimenda
1506 1606 1609 1646 sunt,
1653 1606 1696 1638 ut

222 1679 285 1705 eos
313 1679 460 1714 versus,
499 1679 590 1714 quos
620 1668 841 1712 citavimus,
878 1679 900 1704 a
927 1667 1073 1705 Babrio
1103 1667 1379 1711 abiudicemus‚
1415 1666 1553 1713 quippe
1587 1677 1695 1712 quem

221 1732 443 1769 choliambis
477 1731 641 1769 fabulam
676 1732 781 1769 illam
818 1732 864 1768 de
899 1732 1072 1768 muribus
1109 1731 1322 1768 condidisse
1364 1734 1529 1774 constet,
1574 1740 1694 1776 neque

219 1796 391 1833 conicere
412 1796 541 1833 dubito
561 1797 599 1833 in
619 1796 759 1833 Suidae
779 1797 959 1833 thesauro
980 1799 1182 1841 utramque
1201 1795 1318 1832 fuisse
1344 1795 1512 1832 eiusdem
1540 1794 1692 1841 apolog-i

218 1859 388 1898 formam.
445 1860 627 1906 Quodque
661 1861 762 1907 apud
792 1859 947 1897 Suidam
981 1860 1117 1897 Babrii
1153 1871 1290 1897 nomen
1331 1860 1481 1905 utrique
1524 1859 1694 1895 additum

218 1924 425 1971 invenitur,
455 1925 547 1962 vitio
567 1935 642 1960 non
657 1923 808 1968 Suidae‚
837 1924 902 1961 sed
922 1924 1005 1961 viro
1026 1924 1177 1961 cuidam
1197 1924 1294 1961 male
1315 1924 1445 1961 sedulo
1471 1922 1694 1960 vertendum

220 1992 294 2032 est,
339 1989 403 2034 qui
445 1999 529 2025 cum
571 1989 680 2025 huius
723 1988 825 2025 modi
859 1991 1126 2034 argumentum
1161 1988 1309 2025 fabulas
1342 1988 1445 2024 inter
1477 1987 1695 2024 Babrianas

217 2053 393 2100 legisset,
434 2052 571 2090 Babrii
605 2064 740 2090 nomen
775 2052 993 2089 adscribere
1021 2063 1096 2090 non
1125 2052 1317 2089 dubitaret
1345 2052 1421 2088 illis
1449 2051 1695 2088 hexametris

322 2117 435 2155 Nunc
469 2118 517 2154 ad
553 2118 666 2154 aliam
700 2117 835 2162 Babrii
870 2117 1035 2153 fabulam
1070 2117 1236 2153 animum
1273 2119 1539 2153 convertamus
1574 2125 1694 2160 neque

218 2193 242 2218 a
270 2180 387 2218 Suida
415 2193 537 2228 neque
567 2193 589 2218 a
617 2181 758 2219 codicis
785 2180 910 2219 Athoi
937 2181 1099 2218 librario
1128 2184 1233 2217 recte
1263 2184 1426 2227 apteque
1461 2183 1695 2216 enarratam.

218 2247 252 2282 A
282 2245 399 2283 Suida
428 2247 528 2283 enim
556 2247 624 2283 sub
655 2246 818 2283 articulo
847 2245 1001 2295 πίθηκος
1029 2245 1249 2283 referuntur
1276 2245 1315 2281 hi
1343 2255 1491 2283 versus:

499 2322 617 2372 κερδὼ
654 2322 805 2371 πιθήκῳ
835 2334 939 2372 φησν·
973 2322 1038 2370 „22
1068 2321 1153 2370 ὁρᾷς
1181 2320 1325 2369 στήλην,

500 2386 581 2435 ἐμοὶ
608 2385 758 2436 πατρῴη
787 2385 814 2423 τ’
837 2385 909 2423 ἐστὶ
937 2384 1015 2424 κᾶτι
1039 2383 1235 2434 παππῴη.“

218 2454 257 2487 et
284 2462 306 2487 a
334 2450 462 2488 codice
490 2451 547 2488 A:

497 2514 616 2564 κερδὼ
645 2514 789 2564 πιθήκῳ
818 2514 933 2564 φησίν·
966 2514 1031 2563 ,,ἢν
1059 2514 1143 2563 ὁρᾷς
1172 2513 1317 2562 στήλην,

498 2579 569 2628 ἐμὴ
597 2577 747 2629 πατρῴα
775 2578 802 2616 τ’
824 2579 896 2616 ἐστὶ
923 2578 1023 2628 κάμὴ
1051 2575 1247 2627 παππῴα.“

499 2645 624 2693 κερδοῖ
648 2643 801 2693 πίθηκος
830 2643 937 2681 εἶπεν·
970 2645 1044 2691 ,,ὡς
1071 2643 1198 2689 θέλεις,
1229 2641 1362 2692 ψεύδου

499 2708 647 2758 ἔλεγχον
677 2708 743 2746 οὖν.
771 2710 905 2759 ἔχουσα
932 2711 996 2758 τῆς
1024 2707 1238 2757 ἀληθείης.“
