1986 3223
879 221 1114 255 -4—

360 334 512 380 Quanta
546 331 725 369 dictionis
760 331 954 368 suavitate
983 329 1146 367 Babrius
1180 339 1270 365 usus
1304 328 1367 372 sit,
1401 326 1632 374 perspicitur
1659 327 1734 363 iam

256 410 302 435 ex
331 398 390 435 his
418 397 602 441 versibus,
631 396 769 442 quibus
795 395 988 432 fabulator
1008 404 1113 430 more
1132 392 1254 440 patris
1273 392 1492 429 Branchum
1511 390 1735 438 discipulum

256 461 476 508 alloquitur.
557 460 679 498 Poeta
724 460 844 506 igitur
891 459 1053 505 quinque
1099 459 1288 495 hominum
1335 459 1483 495 aetates
1528 457 1735 500 enumerat,

255 536 413 574 quarum
442 525 566 572 prima
594 524 740 561 cunctis
759 523 988 560 animalibus
1008 526 1124 569 atque
1143 523 1256 559 rebus
1275 521 1452 558 inanimis
1478 530 1553 558 vox
1571 520 1738 557 humana

257 600 436 628 concessa
464 589 533 633 sit3
568 588 713 635 talique
741 587 891 624 ratione
919 586 1165 624 verisimilius
1192 585 1274 623 fore
1304 585 1543 622 audientibus
1570 582 1739 622 Babrius

255 657 398 701 sperat,
441 652 540 699 quod
574 652 720 689 bestiae
755 652 794 689 in
827 650 966 688 fabulis
1000 653 1160 687 utuntur
1195 649 1388 687 hominum
1416 658 1600 686 sermone.
1655 645 1737 684 Ad-

257 719 436 755 hortatur
465 720 591 754 autem
620 727 794 763 puerum,
829 718 872 752 ut
909 715 1044 752 harum
1079 714 1296 752 fabularum
1328 722 1631 760 unamquamque
1659 721 1739 748 me-

257 782 401 820 moriae
435 780 603 824 mandet,
646 780 875 827 praesertim
911 790 995 817 cum
1032 790 1096 816 eas
1129 782 1246 825 poeta
1280 778 1475 816 suaviores
1508 776 1645 814 reddat
1671 785 1740 823 per

255 857 388 884 versus
418 845 687 884 choliambicos
726 844 981 882 amaritudine
1015 848 1208 888 vacantes,
1251 853 1327 889 qua
1360 841 1655 890 superfluebant,
1697 843 1742 877 ut

258 911 432 958 exemplo
466 913 567 954 utar,
604 908 833 946 Archilochi
867 907 1043 946 fabellae.
1099 907 1236 945 Babrii
1264 907 1384 954 igitur
1412 905 1562 954 apologi
1589 916 1664 943 non
1693 903 1742 941 ad

257 975 500 1012 adversarios
518 973 832 1021 perstringendos
853 976 941 1010 sunt
959 972 1066 1014 facti.
1093 972 1161 1010 sed
1181 972 1228 1009 ad
1248 971 1419 1009 homines
1440 974 1479 1008 et
1497 967 1741 1016 corrigendos

257 1043 297 1076 et
326 1039 579 1076 delectandos.

968 1125 1034 1163 IV.

370 1203 561 1250 Legamus
581 1213 679 1239 nunc
699 1203 863 1240 alterum
878 1202 1128 1249 prooemium,
1149 1212 1222 1248 quo
1237 1200 1388 1238 initium
1403 1199 1447 1236 fit
1464 1198 1555 1236 libri
1569 1197 1740 1238 secundi:

544 1272 671 1314 Μῦθος
700 1271 777 1320 μέν,
809 1271 839 1308 ὦ
868 1273 934 1308 παῖ
958 1271 1130 1320 βασιλέως
1157 1270 1415 1320 Ἀλεξάνδρου,

540 1336 666 1387 Σύρων
694 1335 843 1374 παλαιόν
872 1335 964 1373 ἐστιν
994 1335 1115 1384 εῧρεμ’
1147 1334 1361 1385 ἀνθρώπων,

546 1401 581 1439 οἳ
605 1400 789 1461 πρίνιποθ
819 1400 909 1450 ἦσαν
938 1400 994 1436 ἐπὶ
1023 1398 1133 1437 Νίνου
1161 1414 1201 1437 τε
1229 1399 1288 1437 καὶ
1317 1398 1453 1448 Βήλου·
1486 1410 1488 1413 ’

549 1469 693 1516 πρῶτος
722 1465 771 1512 δέ,
803 1464 918 1514 φασίν,
949 1464 1024 1502 εἶπε
1052 1463 1166 1502 παισὶν
1191 1462 1380 1513 Ἑλλήνων

546 1530 714 1571 Αἴσωπος
743 1530 761 1567 ὁ
791 1529 911 1579 σοφός,
942 1528 1017 1566 εἷπε
1046 1528 1106 1566 καὶ
1133 1527 1351 1578 Λιβυστίνοις

547 1594 673 1643 λόγους
702 1593 893 1643 Κιβύσσης.
924 1592 999 1631 ἀλλ’
1030 1592 1100 1641 ἐγὼ
1130 1592 1192 1642 νέῃ
1222 1591 1339 1642 μούσῃ

546 1658 674 1707 δίδωμι
701 1657 854 1708 φαλάρῳ
883 1657 1027 1708 χρυσέῳ
1055 1657 1258 1708 χαλινώσας

547 1723 607 1760 τὸν
637 1722 841 1772 μυθίαμβον
873 1722 992 1771 ὥσπερ
1017 1722 1125 1759 ἵππον
1155 1720 1312 1771 ὁπλίτην.

547 1786 604 1823 {271²
636 1785 725 1834 ἐμοῦ
756 1786 794 1823 δὲ
823 1785 967 1835 πρώτου
997 1789 1059 1835 τῆς
1087 1785 1201 1835 θύρης
1229 1784 1455 1835 ἀνοιχθείσης

551 1850 718 1900 εἰσῆλθον
749 1849 849 1888 ἄλλοι
877 1850 936 1888 καὶ
965 1849 1173 1900 σοφωτέρης
1203 1849 1339 1899 μούσης

548 1914 682 1964 γρίφοις
711 1915 837 1964 ὁμοίας
867 1915 1055 1964 ἐκφέρουσι
1083 1914 1238 1963 ποιήσεις

549 1978 728 2026 μαθόντες
757 1978 864 2016 οὐδὲν
892 1981 1014 2016 πλεῖον
1043 1978 1065 2028 ἢ
1094 1978 1326 2027 γεγωνίσκειν.

550 2042 620 2091 ἐγὼ
651 2043 690 2080 δὲ
720 2044 833 2093 λευκῇ
863 2043 1083 2092 μυθιάζομαι
1112 2043 1209 2092 ῥήσει

550 2107 610 2145 καὶ
638 2110 710 2144 τῶν
740 2106 878 2156 ἰάμβων
906 2108 988 2148 τοὺς
1016 2106 1165 2147 ὀδόντας
1194 2106 1233 2144 οὗ
1264 2106 1376 2156 θήγω.

551 2171 629 2209 ἀλλ’
662 2171 700 2209 εὖ
730 2173 910 2221 πυρώσας,
942 2171 979 2209 εὖ
1010 2172 1048 2209 δὲ
1077 2172 1206 2221 κέντρα
1234 2171 1393 2221 πρῃύνας

551 2235 593 2273 ἐκ
623 2235 793 2286 δευτέρου
824 2252 877 2274 σοι
905 2236 1011 2286 τήνδε
1042 2236 1159 2285 βίβλον
1188 2235 1307 2273 ἀείδω.

378 2306 486 2352 Quod
517 2306 646 2343 fabula
671 2306 858 2354 Syrorum
888 2308 1131 2353 antiquorum
1163 2307 1300 2344 dicitur
1328 2307 1537 2350 inventum,
1566 2307 1664 2351 sunt,
1693 2304 1757 2350 qui

267 2370 452 2407 Babrium
496 2370 613 2407 fuisse
657 2371 817 2408 credant
858 2371 1013 2408 natione
1051 2371 1198 2419 Syrum.
1255 2370 1523 2408 Lachmannus
1557 2371 1684 2406 autem
1717 2368 1756 2404 in

269 2432 406 2481 Syriae
436 2437 474 2471 et
502 2434 663 2472 Ciliciae
700 2434 871 2472 confiniis
899 2435 1087 2472 Babrium
1116 2435 1276 2472 fabellas
1304 2434 1520 2472 Alexandri
1547 2433 1625 2470 filio
1654 2442 1756 2469 com-

269 2498 440 2544 posuisse
470 2499 626 2537 conicit.
681 2499 839 2536 Initium
870 2511 960 2537 vero
987 2500 1099 2536 huius
1120 2499 1307 2546 prooemii
1326 2493 1571 2537 memorabile
1590 2497 1755 2540 videtur,

270 2562 368 2608 quod
411 2563 482 2600 hoc
523 2563 606 2601 loco
647 2564 867 2601 coniectura
901 2564 945 2600 fit
980 2564 1026 2600 de
1063 2564 1202 2600 fabulis
1232 2576 1253 2600 a
1282 2563 1374 2600 viris
1402 2563 1561 2600 orientis
1590 2562 1681 2600 solis
1710 2562 1757 2599 ad

272 2625 444 2665 Graecos
473 2628 683 2665 translatis.
741 2629 848 2665 Tunc
885 2633 1011 2666 autem
1041 2628 1205 2665 Babrius
1248 2639 1344 2664 nova
1378 2638 1417 2665 se
1451 2638 1560 2664 musa
1591 2626 1756 2664 fabulam

273 2692 475 2729 iambicam
506 2703 641 2729 canere
672 2692 891 2729 confitetur:
