1986 3223
893 162 1127 198 —2-

372 274 433 310 De
451 271 602 316 Babrio,
623 272 796 319 principe
812 273 1060 319 apologorum
1081 276 1207 318 poeta,
1230 271 1286 308 ita
1306 271 1449 308 distant
1469 271 1748 319 philologorum

266 338 492 382 sententiae,
524 340 566 374 ut
594 337 695 374 haud
723 337 871 374 inutilis
900 347 981 374 esse
1011 337 1104 373 haec
1134 336 1352 373 dissertatio
1380 336 1566 382 videatur,
1597 336 1748 374 etiamsi

264 408 343 440 tam
373 402 528 438 difficile
558 412 653 447 opus
682 412 741 438 me
770 401 980 446 suscepisse
1010 411 1068 437 me
1097 411 1170 437 non
1200 400 1309 447 fugit,
1339 403 1383 436 ut
1402 401 1567 445 timeam,
1596 411 1644 437 ne
1672 411 1746 437 non

265 467 458 504 sufficiant
487 465 589 503 vires
617 476 724 502 meae
753 465 801 502 ad
831 465 1073 510 quaestiones
1102 464 1385 512 persolvendas.

986 599 1018 637 I.

369 675 577 722 Postquam
619 676 721 712 haud
763 676 924 722 exiguus
961 675 1094 712 Babrii
1137 676 1385 722 apologorum
1429 686 1607 712 numerus
1649 686 1746 713 anno

262 741 460 777 millesimo
490 741 804 787 octingentesimo
834 740 1127 786 quadragesimo
1157 751 1180 776 a
1199 739 1369 777 Minoide
1390 750 1436 777 ex
1466 740 1595 777 codice
1614 738 1747 777 Athoo

260 805 300 842 in
328 805 452 842 lucem
481 805 656 852 prolatus
685 808 755 850 est,
785 804 1034 841 illustrissimi
1063 804 1356 851 philologorum,
1393 807 1436 840 ut
1463 804 1744 847 Lachmannus,

261 869 464 915 Bergkius‚
495 868 818 915 Schneidewinus,
850 868 1019 911 Crusius,
1050 869 1119 905 alii
1145 879 1290 905 summo
1312 879 1396 905 cum
1417 868 1554 905 ardore
1583 868 1747 907 multum

262 944 403 980 operae
445 933 662 979 laborisque
708 934 747 970 in
790 933 974 970 Babrium
1017 933 1226 971 contulere.
1288 933 1436 969 Extant
1477 936 1605 970 autem
1647 943 1747 971 nunc

261 998 414 1044 quidem
458 998 529 1035 duo
572 998 663 1034 libri
698 998 810 1034 huius
845 998 1074 1035 fabulatoris
1110 1001 1259 1034 centum
1289 997 1429 1043 viginti
1457 1000 1536 1035 tres
1565 997 1746 1045 apologos

261 1062 500 1099 continentes
527 1062 742 1099 litterarum
774 1062 906 1100 ordine
935 1062 1150 1110 dispositos.
1208 1062 1317 1107 Quod
1346 1062 1545 1099 mutilatus
1573 1065 1632 1099 est
1649 1062 1748 1100 alter

260 1127 424 1172 libellus,
458 1137 541 1164 cum
572 1126 837 1164 desiderentur
857 1127 1011 1164 fabulae
1033 1127 1108 1163 iam
1128 1130 1215 1173 post
1233 1127 1403 1163 litteram
1422 1137 1456 1172 o,
1487 1126 1598 1164 valde
1617 1126 1747 1173 lugen-

261 1191 348 1227 dum
377 1194 446 1228 est.
503 1191 640 1228 Liceat
675 1195 802 1228 autem
837 1191 913 1227 iam
947 1191 1020 1229 hoc
1054 1192 1149 1234 loco,
1193 1191 1415 1237 priusquam
1458 1201 1573 1238 porro
1615 1201 1746 1238 proce·

261 1256 407 1301 damus,
437 1255 577 1293 Suidae
606 1257 864 1293 testimonium
892 1256 1049 1293 afferre:

366 1321 523 1371 Βαβρίας
558 1321 582 1371 ἢ
612 1321 777 1371 Βοίβριος·
815 1320 953 1369 μύθους
987 1320 1065 1370 ἤτοι
1102 1318 1338 1368 μυῦιάμβους.
1397 1319 1460 1356 εἰσὶ
1493 1320 1558 1370 γὰρ
1589 1320 1644 1358 διὰ
1671 1335 1746 1371 χω-

263 1384 422 1436 λιάμβων
452 1386 488 1423 ἐν
518 1386 659 1436 βιβλίοις
689 1385 718 1424 ι’.
777 1386 880 1428 οὗτος
911 1387 952 1425 ἐκ
979 1389 1051 1425 τῶν
1083 1383 1292 1422 Αἰσωπείων
1314 1383 1441 1433 μύθων
1462 1385 1657 1435 μετέβαλεν
1678 1385 1747 1423 ἀπὸ

261 1454 324 1501 τῆς
354 1451 471 1489 αὐτῶν
502 1452 704 1500 λογοποιίας
733 1452 781 1494 εἰς
810 1455 984 1503 ἔμμετρα,
1013 1452 1122 1502 ἤγουν
1153 1453 1191 1490 δὲ
1219 1451 1465 1503 χωλιάμβους.

366 1517 541 1555 Avianus
554 1518 580 1567 ¹)
612 1518 715 1563 dicit,
746 1519 811 1564 qui
839 1518 1013 1556 floruisse
1042 1519 1193 1555 videtur
1219 1522 1379 1555 exeunte
1408 1518 1560 1554 saeculo
1592 1519 1743 1564 quarto:

263 1582 438 1627 „fabulas
464 1582 611 1628 Aesopi
640 1613 646 1619 .
671 1613 678 1620 .
703 1613 723 1627 .‚
755 1594 849 1635 quas
870 1582 1030 1620 Graecis
1058 1583 1192 1620 iambis
1214 1583 1376 1619 Babrius
1404 1586 1580 1630 repetens
1607 1582 1647 1619 in
1676 1582 1748 1619 duo

262 1647 455 1685 volumina
485 1648 710 1685 coartavit.“
769 1647 905 1684 Babrii
948 1651 1075 1684 autem
1119 1647 1321 1694 apologos,
1369 1651 1413 1684 ut
1456 1657 1554 1684 nunc
1597 1646 1747 1693 quidem

259 1712 451 1759 leguntur,
497 1712 716 1750 litterarum
751 1713 887 1749 seriem
924 1713 1030 1758 sequi
1065 1713 1140 1749 iam
1170 1716 1283 1749 antea
1311 1716 1646 1749 commemoratum
1675 1715 1742 1749 est.

259 1776 430 1814 Putasne
466 1777 649 1814 Babrium
685 1777 868 1824 apologos
911 1777 966 1813 ita
1009 1777 1277 1823 composuisse,
1322 1781 1364 1814 ut
1406 1777 1444 1814 in
1487 1776 1744 1824 excogitandis

261 1842 413 1880 fabellis
435 1846 501 1879 aut
520 1842 802 1880 conscribendis
823 1846 1047 1887 sequeretur
1066 1845 1145 1878 tam
1164 1841 1368 1878 ridiculum
1387 1841 1588 1878 consilium
1617 1841 1744 1888 apolo-

259 1918 395 1953 gorum
416 1907 764 1945 conserendorum?
802 1906 929 1952 Adde,
951 1906 1049 1952 quod
1068 1907 1107 1942 in
1126 1905 1322 1952 florilegiis
1344 1906 1478 1943 saltem
1499 1906 1590 1943 ordo
1611 1906 1741 1953 alpha-

260 1972 406 2008 beticus
435 1972 497 2008 vix
526 1975 616 2008 ante
635 1971 939 2018 Byzantinorum
965 1974 1139 2018 tempora
1164 1971 1356 2018 reperitur
1367 1970 1408 2018 2).
1465 1970 1632 2008 Putasne
1660 1970 1744 2007 fieri

258 2036 438 2082 potuisse,
469 2039 512 2072 ut
532 2035 711 2081 Babrius‚
745 2036 808 2082 qui
837 2035 984 2072 fabulas
1014 2035 1236 2081 composuit,
1268 2038 1311 2071 ut
1336 2034 1391 2071 ita
1411 2035 1543 2079 dicam,
1573 2035 1613 2071 in
1633 2045 1742 2072 usum

258 2100 450 2147 Delphini,
494 2100 683 2144 Brancho,
727 2101 886 2146 puerulo
932 2100 1145 2142 educando,
1190 2100 1393 2147 praeberet
1435 2099 1601 2136 fabulam
1637 2099 1743 2136 illam

259 2166 504 2201 centesimam
533 2165 718 2201 decimam
747 2168 894 2201 sextam
908 2165 950 2212 3),
989 2165 1153 2201 omnium
1182 2164 1451 2208 foedissimam,
1483 2174 1578 2210 quae
1607 2167 1666 2200 est
1695 2164 1742 2201 de

258 2229 417 2265 muliere
447 2228 663 2266 adultrice⁶.>
719 2229 905 2274 Equidem
934 2229 1026 2266 mihi
1054 2229 1228 2276 persuasi
1256 2228 1443 2275 genuinos
1464 2226 1595 2265 Babrii
1622 2228 1741 2265 libros

258 2294 388 2331 decem
417 2294 494 2330 iam
523 2297 612 2330 ante
631 2293 827 2331 Avianum
857 2295 904 2330 ab
934 2294 1138 2340 insipiente
1160 2293 1319 2338 quodam
1341 2293 1422 2330 viro
1444 2303 1525 2330 esse
1547 2295 1740 2330 coartatos

258 2369 463 2404 verumque
478 2358 662 2395 librorum
678 2369 875 2395 numerum
892 2369 915 2394 a
932 2358 1048 2395 Suida
1063 2369 1108 2394 ex
1124 2358 1334 2396 vetustiore
1349 2357 1537 2404 scriptore
1552 2357 1739 2394 haustum.

354 2480 365 2497 ¹
406 2478 449 2514 cf.
502 2479 590 2517 raef.

353 2480 380 2582 ²}
408 2537 451 2574 ef.
476 2491 591 2582 1]))iels‚
630 2538 807 2573 deutsche
842 2538 1194 2581 Litteraturzeitung
1228 2538 1327 2572 1881.
1362 2547 1397 2581 p.
1423 2537 1501 2572 750.
1536 2539 1573 2572 et
1599 2546 1692 2581 quae
1719 2546 1740 2570 a

259 2595 400 2640 Crusio‚
427 2597 695 2641 Warnkrossio,
722 2599 790 2634 etc.
818 2597 863 2632 de
888 2596 1227 2642 paroemiographis
1255 2595 1442 2640 disputata
1468 2596 1563 2629 sunt.

353 2656 379 2701 ³)
406 2656 568 2700 spuriam
595 2666 676 2690 eam
702 2655 1007 2690 existimaverunt
1031 2654 1110 2698 Fix,
1138 2654 1351 2698 Hertzberg,
1379 2653 1551 2697 Schenkl,
1577 2652 1650 2687 alii.
