1986 3223
860 226 1094 261 —5-

853 334 932 373 ἀλλ’
961 335 1032 383 ἐγὼ
1060 335 1122 385 νέῃ
1153 335 1269 385 μούσῃ

574 398 702 447 δίδωμι
729 397 880 448 φαλάρῳ
907 399 1051 449 χρυσέῳ
1079 399 1282 450 χαλινώσας

572 463 632 500 τὸν
661 462 865 511 μυθίαμβον
894 462 1014 513 ὥσπερ
1040 462 1148 500 ἵππον
1177 463 1334 512 ὁπλίτην.

347 563 408 600 Ac
435 565 540 600 recte
568 562 719 608 quidem
747 561 912 599 Babrius
948 566 1069 599 artem
1104 573 1210 599 suam
1245 573 1327 600 esse
1362 573 1498 600 novam
1534 563 1716 609 declarat,

241 626 338 673 quod
358 627 502 674 primus
527 627 669 674 Aesopi
694 626 856 669 fabulas,
888 627 1033 673 quibuS‚
1060 630 1259 673 postquam
1288 627 1495 674 lyricorum
1514 630 1716 673 poetarum

240 693 412 729 veterum
441 691 610 728 carmina
637 690 869 735 defecerunt,
898 691 1106 736 praecipue
1127 694 1299 728 oratores
1319 692 1524 728 utebantur
1544 691 1593 728 ad
1611 691 1717 738 vulgi

240 755 500 792 favorem-sibi
521 754 807 799 conciliandum,
836 755 1048 792 acerbitate
1069 755 1309 800 antiquorum
1332 755 1577 801 apologorum
1596 755 1716 792 lenita

240 819 451 866 composuit
484 819 717 856 choliambis.
779 818 862 856 Nec
897 818 1048 864 desunt,
1093 819 1158 865 qui
1192 818 1378 855 Babrium
1419 817 1594 856 floruisse
1629 822 1718 855 ante

240 882 514 920 Callimachum
559 882 864 920 Alexandrinum
910 882 1096 928 sentiant,
1152 893 1262 928 quem
1310 882 1534 919 choliambis
1581 881 1716 920 fecisse

239 947 421 994 apologos
455 958 563 984 nemo
598 951 722 993 neget.
781 945 856 983 Sed
890 946 990 983 iacet
1025 947 1120 984 haec
1155 946 1300 993 opinio,
1345 946 1434 992 quia
1461 945 1717 983 Callimachus

241 1011 400 1058 fabellas
419 1022 494 1048 non
513 1015 557 1048 ut
575 1011 766 1058 peculiare
782 1011 906 1057 poesis
925 1021 1047 1056 genus
1066 1013 1221 1055 tractat,
1243 1010 1309 1047 sed
1329 1014 1499 1047 veterum
1517 1013 1718 1057 poetarum

240 1086 344 1112 more
387 1075 615 1112 carminibus
649 1075 820 1112 innectit.
877 1074 911 1111 E
946 1075 1082 1111 Babrii
1126 1078 1251 1111 autem
1294 1074 1421 1111 verbis
1464 1074 1506 1111 ἐγ,
1550 1073 1716 1123 δευτέρου

240 1138 345 1188 τήνδε
374 1138 490 1188 βίβλον
519 1138 628 1176 ἀείδω
658 1139 738 1176 sine
767 1139 881 1176 dubio
910 1143 1062 1185 poetam
1088 1139 1159 1176 hoc
1179 1149 1273 1186 opus
1294 1138 1417 1176 denuo
1438 1142 1718 1185 pertractatum

241 1203 409 1241 emisisse
438 1207 607 1251 apparet.
664 1203 801 1250 Itaque
833 1203 872 1240 id
906 1203 1058 1249 quidem
1093 1207 1268 1240 constare
1302 1203 1394 1240 mihi
1429 1203 1582 1239 videtur
1622 1202 1717 1239 duas

241 1279 264 1305 a
283 1271 396 1315 poeta
415 1268 663 1315 apologorum
682 1267 866 1305 editiones
888 1278 969 1304 esse
989 1270 1157 1315 paratas,
1187 1277 1346 1313 quarum
1375 1267 1569 1312 prooemia
1597 1277 1715 1313 usque

241 1332 289 1370 ad
323 1332 423 1369 hunc
459 1332 557 1369 diem
598 1332 751 1377 integra
785 1335 999 1378 supersunt.
1055 1331 1144 1369 Non
1187 1331 1285 1368 enim
1326 1331 1421 1367 illud
1463 1330 1506 1368 ἐκ
1547 1330 1716 1379 δευτέρου

240 1396 345 1445 τήνδε
374 1395 492 1445 βίβλον
520 1395 628 1433 ἀείδω
658 1400 831 1443 spectare
860 1397 951 1433 mihi
980 1397 1133 1434 videtur
1161 1396 1210 1434 ad
1239 1407 1352 1433 unum
1380 1396 1552 1433 libellum
1578 1396 1715 1432 iterum

241 1460 491 1506 emendatum,
512 1460 579 1497 sed
600 1460 649 1497 ad
669 1463 789 1497 totum
808 1460 943 1498 Babrii
964 1461 1211 1508 apologorum
1231 1461 1466 1505 thesaurum,
1497 1471 1582 1497 cum
1602 1463 1718 1496 antea

241 1525 324 1571 ipse
352 1524 595 1571 profiteatur:

522 1622 569 1660 ὑπ
597 1622 686 1671 ἐμοῦ
716 1623 755 1660 δὲ
782 1623 927 1673 πρώτου
957 1626 1020 1673 τῆς
1048 1622 1162 1673 θύρης
1191 1622 1417 1674 ἀνοιχθείσης

522 1687 688 1736 εἰσῆλθον
718 1686 819 1725 ἄλλοι
847 1688 906 1726 καὶ
935 1687 1143 1737 σοφωτέρης
1171 1687 1309 1737 μούσης

523 1750 655 1801 γρίφοις
683 1751 808 1800 ὁμοίας
838 1752 1026 1802 ἐκφέρουσι
1053 1752 1210 1802 ποιήσεις

523 1815 701 1863 μαθόντες
731 1815 833 1853 οὐδὲν
861 1818 982 1853 πλεῖον
1011 1815 1034 1865 ἢ
1063 1815 1297 1864 γεγωνίσκειν.

245 1914 344 1951 unde
386 1914 576 1961 sequitur,
618 1919 663 1952 ut
690 1915 822 1952 Babrii
858 1915 1107 1962 apologorum
1139 1916 1215 1952 iam
1249 1915 1412 1962 primum
1441 1915 1630 1952 editorum
1658 1925 1720 1951 ex-

243 1978 395 2016 titerint
422 1979 645 2016 imitatores.
702 1980 801 2026 Quid
829 1980 1050 2017 interfuerit
1068 1980 1170 2016 inter
1188 1979 1323 2016 Babrii
1343 1979 1591 2026 exemplaria,
1623 1990 1722 2016 nunc

243 2042 394 2088 quidem
422 2043 516 2079 satis
544 2044 708 2090 perspici
736 2054 811 2080 non
839 2046 980 2090 potest,
1009 2054 1093 2080 cum
1122 2043 1223 2080 haud
1251 2043 1457 2080 verisimile
1482 2043 1532 2080 sit
1557 2043 1720 2080 alterum

244 2106 347 2143 nullo
390 2110 495 2144 certo
538 2107 715 2154 consilio,
759 2108 923 2144 alterum
957 2108 1176 2145 litterarum
1213 2108 1343 2145 ordine
1372 2118 1454 2145 esse
1482 2107 1720 2154 dispositum,

244 2170 473 2208 Addendum
502 2174 572 2215 est,
602 2171 703 2217 quod
731 2172 866 2209 Babrii
894 2171 1036 2217 fabula,
1066 2183 1163 2218 quae
1193 2176 1368 2209 servatur
1395 2182 1418 2208 a
1445 2171 1584 2208 Tzetze
1599 2170 1649 2219 ¹),
1683 2171 1720 2207 in

245 2235 373 2272 codice
402 2235 541 2273 montis
570 2235 676 2273 Atho
705 2235 963 2281 desideratur,
1006 2240 1050 2273 ut
1085 2247 1130 2274 ea
1165 2240 1234 2273 aut
1268 2247 1315 2273 ex
1343 2247 1388 2273 eo
1418 2236 1613 2280 thesauro,
1658 2236 1724 2281 qui

244 2309 343 2337 nunc
370 2303 504 2344 restat,
535 2302 602 2337 sub
631 2301 764 2338 littera
790 2315 810 2349 γ
839 2301 1023 2338 excidisse
1054 2305 1120 2338 aut
1148 2312 1195 2338 ex
1222 2301 1351 2348 priore
1379 2299 1513 2337 Babrii
1542 2299 1721 2343 editione,

244 2364 349 2402 cuius
378 2365 454 2402 alia
484 2365 650 2412 vestigia
677 2364 756 2402 fere
782 2365 908 2402 omnia
934 2368 1180 2411 evanuerunt,
1211 2366 1349 2403 hausta
1368 2375 1449 2402 esse
1468 2363 1638 2411 putanda
1657 2363 1719 2399 sit.

342 2539 368 2582 ¹)
395 2538 540 2574 chiliad.
571 2541 623 2582 13,
642 2541 726 2576 255:

549 2620 697 2661 Γάλλοις
724 2621 880 2669 ἀγύρταις
908 2621 952 2661 et}
979 2621 1016 2656 τὸ
1043 2620 1151 2656 κοινὸν
1179 2622 1309 2669 ἐπράθη

552 2678 626 2719 ὄνος
653 2690 704 2719 τις
729 2679 786 2714 οὐκ
812 2679 978 2727 εὔμοιρος,
1007 2679 1094 2714 ἀλλὰ
1121 2680 1311 2728 δυσδαίμων
1339 2682 1407 2717 etc.
