1986 3223
884 283 931 288 -..
990 262 1143 298 27-

280 373 468 411 videatur.
514 372 686 419 Uterque
706 372 816 418 enim,
846 372 1071 419 ubicumque
1101 383 1145 409 ea
1166 372 1329 420 adhibet,
1360 373 1524 410 retrahit
1552 376 1747 410 accentum

280 437 318 474 in
346 438 506 485 primam
535 436 718 484 syllabam
749 441 908 483 excepto
937 447 1113 474 versuum
1140 436 1263 474 initio.

386 500 520 538 Caesio
549 501 669 538 Basso
698 504 795 538 teste
824 501 884 538 hic
913 512 1048 539 scazon
1076 501 1260 548 pessimus
1289 504 1362 548 est,
1400 502 1464 548 qui
1491 501 1606 539 habet
1635 501 1748 538 alium

281 566 408 612 quinto
437 566 520 603 1000
549 565 682 612 pedem
711 576 822 611 quam
850 566 1034 611 iambum,
1080 577 1152 612 quo
1182 570 1308 603 tamen
1338 566 1419 604 sine
1446 566 1633 612 religione
1661 576 1749 602 usus

281 634 338 667 est
365 629 586 677 Hipponax.
642 630 822 667 Babrium
851 633 977 668 autem
1005 631 1075 668 hoc
1103 630 1186 668 1000
1215 642 1289 667 11011
1323 641 1411 668 raro
1446 630 1651 678 spondeum
1683 630 1747 667 ad-

280 694 426 732 misisse
454 694 529 732 iam
559 698 671 731 antea
700 699 1032 732 commemoratum
1071 697 1140 731 est.
1198 694 1309 741 Apud
1340 694 1535 731 Herodam
1568 704 1643 731 non
1676 694 1750 731 nisi

280 759 448 805 integros
477 770 607 797 versus
635 759 921 796 numerantibus
951 758 1106 796 circiter
1125 759 1240 795 vicies
1259 759 1298 795 in
1318 760 1447 805 quinto
1468 759 1563 806 pede
1583 759 1750 796 occurrit

282 823 485 870 spondeus,
530 827 574 860 ut
608 823 908 861 mimiamborum
936 826 1051 870 poeta
1086 823 1168 860 fere
1205 823 1342 869 ubique
1383 823 1618 861 notissimam
1646 823 1749 860 illam

280 898 449 925 normam
478 899 650 925 servasse
678 888 865 925 videatur.

383 952 638 990 Procedamus
680 963 778 990 nunc
820 952 869 989 ad
905 955 1196 999 anapaestorum
1231 963 1350 989 usum.
1406 951 1610 991 Invenitur
1650 952 1749 988 enim

280 1017 595 1064 apudHerodam
622 1017 746 1064 prima
773 1017 862 1054 sede
891 1017 1033 1063 septies
1063 1017 1109 1054 cf.
1132 1018 1170 1060 4,
1192 1017 1226 1054 5.
1257 1018 1294 1062 4,
1317 1018 1351 1054 6.
1381 1018 1418 1061 4,
1440 1018 1474 1053 9.
1507 1018 1541 1063 5,
1567 1018 1596 1053 1.
1629 1016 1664 1061 5,
1689 1017 1747 1053 13.

280 1081 316 1125 5,
338 1082 398 1119 31.
431 1083 466 1126 7,
487 1082 568 1126 57.,
599 1081 762 1119 secunda
790 1082 907 1118 semel
936 1081 984 1119 cf.
1016 1082 1051 1127 2,
1074 1082 1139 1118 79:
1172 1081 1211 1118 σὺ
1241 1081 1305 1129 μὲν
1335 1080 1469 1129 ἵσωςῑ),
1500 1081 1615 1118 tertia
1643 1091 1749 1117 num-

278 1157 400 1192 quam.
458 1146 606 1194 Quarto
635 1150 761 1183 autem
790 1146 874 1184 loco
903 1147 962 1183 bis
990 1146 1158 1183 traditur
1186 1150 1415 1193 anapaestus
1446 1146 1493 1183 cf.
1525 1146 1559 1189 6,
1581 1146 1655 1192 55.,
1685 1145 1749 1182 ubi

278 1222 352 1248 11011
381 1213 576 1261 μακαρῖτις,
606 1211 671 1248 sed
700 1209 874 1261 μακάριος
902 1211 1143 1248 scribendum
1172 1222 1254 1248 esse
1285 1211 1442 1254 conicio,
1476 1213 1515 1247 et
1544 1210 1590 1248 cf.
1622 1211 1657 1256 2,
1681 1211 1747 1247 31:

277 1275 398 1317 πόλιος
439 1278 674 1325 καλυπτῆρες,
718 1276 782 1313 ubi
809 1275 963 1313 litterae
991 1276 1002 1312 i
1033 1276 1221 1313 tenuitate
1263 1275 1463 1313 exonerari
1503 1278 1748 1322 anapaestum

281 1344 456 1388 apparet,
500 1340 547 1377 cf.
578 1351 612 1378 v.
643 1342 679 1385 4,
701 1341 780 1387 72.,
825 1341 890 1377 ubi
926 1340 1057 1378 eadem
1099 1341 1249 1378 ratione
1284 1344 1511 1387 anapaestus
1547 1340 1674 1387 quinto
1710 1340 1747 1377 111

277 1405 371 1452 pede
393 1405 603 1452 expeditur.
646 1405 709 1442 lta
726 1405 781 1450 fit,
810 1409 853 1443 ut
871 1405 1067 1443 Herodam
1086 1406 1189 1443 nullo
1210 1406 1293 1443 1000
1314 1409 1539 1453 anapaestos
1558 1405 1749 1451 legitimos

277 1469 349 1507 sibi
378 1471 604 1508 concessisse
638 1474 815 1517 putemus
851 1471 924 1507 nisi
957 1471 1080 1517 primo
1114 1474 1229 1517 atque
1271 1470 1446 1508 secundo.
1503 1470 1586 1509 Nec
1626 1470 1749 1506 minus

279 1545 409 1572 severe
451 1535 572 1572 utitur
615 1535 790 1573 Herodas
833 1535 1007 1583 dactylis.
1069 1535 1270 1582 Leguntur
1311 1536 1411 1573 enim
1453 1545 1635 1581 nusquam
1675 1534 1749 1571 nisi

279 1599 401 1645 prima
427 1599 515 1636 sede
543 1599 683 1648 (sexies
703 1600 844 1637 decies:
879 1601 912 1642 l,
935 1600 996 1637 33.
1030 1600 1064 1644 2,
1087 1600 1148 1637 26.
1179 1600 1215 1645 2,
1236 1601 1298 1637 40.
1329 1600 1365 1645 2,
1385 1600 1447 1637 42.
1478 1600 1514 1645 2,
1535 1601 1598 1638 56.
1629 1600 1664 1640 2.
1686 1599 1747 1636 88.

281 1663 314 1706 3,
335 1663 397 1701 44.
428 1664 463 1708 3,
486 1664 547 1702 93.
577 1666 613 1710 4,
636 1665 696 1702 20.
727 1666 763 1709 4,
784 1665 846 1701 81.
877 1666 913 1709 4,
935 1665 996 1702 91.
1027 1666 1063 1710 4,
1085 1665 1146 1702 93.
1177 1666 1212 1710 4,
1235 1665 1294 1701 94.
1328 1665 1363 1710 6,
1384 1665 1445 1702 57.
1468 1665 1503 1709 7,
1524 1664 1585 1702 58.
1617 1665 1652 1708 7,
1669 1664 1747 1711 61.)

281 1732 318 1764 et
337 1728 454 1765 tertia
482 1728 558 1776 (ter
578 1729 720 1766 decies:
755 1731 786 1773 1,
808 1730 842 1766 9.
879 1732 912 1774 1,
933 1730 994 1767 28.
1028 1730 1061 1772 1,
1084 1730 1144 1767 30.
1176 1731 1211 1775 4,
1238 1730 1294 1766 19.
1327 1729 1362 1774 5,
1385 1730 1444 1767 53.
1478 1729 1513 1774 6,
1534 1729 1595 1766 24,
1627 1729 1662 1774 6,
1685 1728 1746 1765 67.

280 1792 313 1836 6,
336 1793 397 1831 74.
433 1794 468 1838 6,
490 1793 550 1830 92.
589 1794 622 1840 7,
644 1795 679 1831 5.
718 1795 753 1838 7,
775 1794 836 1831 60.
875 1793 910 1839 7,
934 1794 1018 1831 128.
1053 1795 1086 1838 7,
1111 1793 1227 1842 129).
1283 1793 1516 1841 Tribrachys
1544 1793 1747 1830 adhibetur

277 1857 398 1903 primo
427 1857 509 1894 1000
537 1861 613 1901 ter,
651 1858 814 1896 secundo
844 1862 903 1895 ter
932 1858 1076 1903 decies,
1111 1858 1227 1896 tertio
1258 1858 1474 1905 quinquies,
1510 1861 1645 1904 quarto
1673 1861 1743 1894 ter.

373 1998 399 2041 ¹)
424 1997 536 2042 Apud
562 1997 747 2033 Herodam
773 2009 918 2043 semper
943 1997 1176 2034 scribendum
1194 2007 1275 2032 esse
1288 1991 1374 2041 ἶσος,
1400 2008 1474 2032 11011
1490 1995 1560 2036 ἴσος
1579 2008 1623 2032 ex
1641 1996 1746 2032 Jadis

276 2051 406 2091 norma
441 2058 545 2102 patet
577 2058 614 2092 et
645 2057 883 2092 confirmatur
918 2068 950 2091 v.
981 2060 1010 2101 1,
1029 2058 1084 2093 53.
1124 2055 1167 2092 cf.
1206 2058 1239 2101 2,
1257 2057 1313 2092 32.
1351 2057 1383 2100 2,
1402 2057 1458 2092 79.
1495 2057 1527 2100 3,
1547 2057 1601 2091 93.
1641 2057 1672 2099 7,
1691 2057 1746 2090 27.

275 2114 467 2150 Accedunt
492 2115 562 2150 duo
594 2126 738 2159 versus,
778 2115 911 2161 quibus
941 2114 1057 2150 altera
1082 2114 1169 2151 sede
1194 2116 1435 2160 anapaestum
1464 2114 1586 2150 inesse
1623 2114 1747 2150 verisi-

277 2173 467 2208 millimum
492 2174 552 2218 sit,
577 2184 659 2209 cum
684 2173 880 2218 legendum
905 2173 1088 2209 videatur:

371 2234 404 2277 3,
422 2235 459 2268 7:
498 2232 578 2266 δ’ἕτι
605 2232 635 2266 αἱ
662 2232 885 2280 ἁστρσῖγαλαι,
922 2228 1115 2279 Λαμπρίσκε
1148 2253 1191 2259 -
1226 2236 1400 2279 συμφορῆς
1433 2231 1529 2279 δ’ἥῧη
1557 2233 1625 2267 etc.
1652 2234 1688 2267 et

582 2282 669 2293 V

370 2298 484 2333 319·
545 2295 596 2307 ‘“
644 2294 773 2317 ·“’“’”
802 2297 835 2315 “·’

394 2325 402 2342 ,
477 2325 496 2337 .,
523 2311 554 2331 αι
581 2307 775 2345 οοριανως,
802 2311 836 2331 oe
863 2299 932 2333 ete.

533 2802 622 2816 tenu-tn
637 2801 1030 2818 menomenae!-uevflsu-atsflktswffr,
1050 2801 1205 2816 utrumnum-*—
1211 2801 1486 2816 ιιιιιιιιιιιιιιιιιιι
