1986 3223
919 215 1178 252 -22-

317 328 452 366 fraude
470 327 613 366 Babrio
634 338 714 365 esse
743 327 976 374 suppositam
998 329 1186 363 censeant.
1234 326 1358 372 Quare
1388 325 1646 372 Hartungium
1674 325 1787 365 laudo

318 394 424 431 illum
452 393 575 430 locum
603 392 659 429 ita
690 395 916 429 vertentem:
977 390 1071 435 „Mit
1091 391 1174 428 dem
1197 402 1238 428 er
1257 391 1412 428 manche
1433 389 1603 428 Stunden
1624 391 1787 429 tranlich

319 457 543 496 hinbrachte
551 460 566 476 “
581 456 621 505 ¹).

417 564 557 611 πνεῦμα
590 562 676 607 112,
708 562 747 599 8:

422 627 472 669 ὥς
507 641 576 677 μου
613 625 772 676 κατέλθῃ
808 624 930 674 πνεῦμ’
968 625 1115 674 ἀναλγὲς
1150 624 1197 666 εἰς
1224 623 1361 663 ⁰Azr300·

417 693 557 741 πνεῦμα
585 703 654 739 pro
684 690 783 742 ψυχή
820 691 1025 728 abhorrere
1045 702 1068 727 a
1089 690 1319 728 Graecorum
1349 689 1620 728 consuetudine
1649 689 1787 728 Crusio

313 757 476 796 videtur.
533 756 678 793 Tamen
720 767 791 793 non
832 755 965 802 procul
1008 755 1151 792 distant
1186 754 1317 801 Eurip.
1355 753 1486 802 Suppl.
1516 755 1611 792 533:
1646 753 1787 804 ἀπῆλθε

315 824 454 871 πνεῦμα
482 821 546 871 μὲν
575 821 662 871 πρὸς
683 820 820 870 αἰθέρα,
849 820 889 857 τὸ
919 822 1024 868 σῶμα
1045 819 1113 861 δ’ἐς
1141 822 1215 870 γῆν.
1262 819 1358 857 Hec.
1382 820 1476 858 571:
1506 818 1623 869 ἀφῆκε
1648 821 1787 868 πνεῦμα

313 887 501 936 θανασίμῳ
535 887 652 936 σφαγῇ
685 889 756 923 etc.

1017 1019 1069 1058 X.

416 1098 600 1138 Videmus
628 1098 864 1146 probandum
893 1109 968 1135 non
997 1108 1090 1140 esse,
1124 1097 1222 1145 quod
1243 1096 1402 1134 Crusius
1436 1097 1575 1135 conicit
1602 1096 1785 1133 Babrium

310 1163 428 1201 fuisse
456 1163 643 1200 hominem
672 1163 898 1200 Romanum.
956 1160 1032 1199 Sed
1066 1173 1113 1199 ne
1151 1162 1235 1209 plus
1268 1162 1452 1209 temporis
1488 1172 1703 1199 consumam
1737 1161 1787 1198 ad

313 1229 410 1266 hanc
444 1229 669 1266 sententiam
704 1228 970 1271 refellendam,
1014 1232 1177 1274 certum,
1220 1232 1263 1264 ut
1305 1228 1398 1264 mihi
1438 1227 1588 1274 quidem
1622 1227 1785 1270 videtur,

313 1293 469 1330 afferam
498 1297 782 1341 argumentum,
819 1293 919 1330 unde
947 1297 1133 1340 appareat
1159 1292 1345 1330 Babrium
1373 1304 1448 1330 non
1476 1292 1515 1329 in
1542 1292 1678 1335 Italia,
1720 1292 1787 1329 sed

312 1358 350 1395 in
380 1360 555 1407 Aegypto
585 1359 703 1397 vitam
732 1358 890 1405 degisse.
944 1357 1066 1395 Extat
1107 1359 1205 1395 enim
1246 1358 1380 1395 Babrii
1427 1357 1669 1405 apologus2),
1713 1367 1785 1403 quo

312 1423 490 1470 Juppiter
509 1434 598 1461 aves
617 1434 844 1461 convocasse
863 1426 1057 1468 narratur,
1078 1427 1121 1460 ut
1140 1423 1304 1460 omnium
1324 1422 1600 1470 pulcherrimae
1616 1421 1786 1459 traderet

312 1499 484 1535 regnum.
541 1487 697 1526 Ooracis
726 1492 872 1533 autem,
913 1498 1010 1534 quae
1051 1487 1184 1535 pennis
1220 1488 1266 1524 ab
1302 1487 1389 1524 aliis
1425 1487 1568 1534 ereptis
1602 1490 1787 1524 exornata

314 1554 567 1602 principatum
595 1554 798 1601 petiverat,
829 1553 915 1591 dolo
945 1553 1099 1600 cognito
1129 1553 1168 1590 hi
1197 1563 1328 1590 versus
1358 1564 1379 1589 a
1408 1557 1522 1599 poeta
1550 1551 1783 1589 adiciuntur:

595 1618 613 1656 ὁ
643 1617 732 1659 Ζεὺς
761 1619 790 1655 δ’
813 1616 964 1667 ἐθάμβει
991 1617 1050 1656 καὶ
1077 1619 1226 1668 παρεῖχε
1253 1617 1317 1666 τὴν
1346 1615 1456 1666 νίκην,

595 1682 624 1720 εἰ
653 1683 702 1732 μὴ
731 1682 884 1734 χελιδὼν
914 1682 1030 1730 αὐτόν,
1061 1683 1111 1723 ὡς
1134 1681 1326 1731 Ἀθηναίη,

589 1747 734 1798 ἤλεγξεν
764 1747 942 1785 ἑλκύσασα
969 1747 1009 1784 τὸ
1037 1747 1166 1798 πτερὸν
1195 1746 1334 1796 πρώτη.

590 1813 608 1850 ὁ
638 1811 666 1850 ‘6⁷
688 1811 782 1850 εἶπεν
811 1811 913 1863 αὐτῇ·
946 1812 1021 1862 ,,μή
1051 1827 1096 1862 με
1126 1812 1432 1862 συκοφαντήσῃς.“

587 1878 647 1916 τὸν
678 1878 706 1916 6⁷
727 1877 796 1929 ἆρα
823 1877 962 1929 τρυγὼν
992 1877 1193 1927 ἐσπάρασσε
1221 1877 1281 1915 καὶ
1308 1876 1415 1928 κίχλη

589 1943 649 1982 καὶ
677 1943 779 1982 κίσσα
807 1943 866 1982 καὶ
895 1942 1092 1992 κορυδαλὸς
1121 1941 1181 1979 οὑν
1209 1942 1332 1992 τάφοις
1360 1941 1484 1992 τρίζων

587 2009 644 2060 χὼ
673 2008 808 2059 νηπίων
838 2007 866 2045 δ’
887 2009 1034 2058 ἔφεδρος
1089 2007 1222 2058 ὀρνέων
1248 2006 1329 2057 ἴρηξ

590 2073 635 2110 τά
663 2074 692 2111 τ’
716 2072 793 2111 ἄλλ’
824 2072 969 2122 ὁμοίως.
1000 2072 1059 2110 καὶ
1087 2072 1228 2113 κολοιὸς
1257 2071 1431 2121 ἐγνώσθη.

416 2138 552 2186 Quid?
607 2138 730 2183 Pavo,
767 2138 936 2175 Junonis
957 2137 1204 2175 celeberrima
1231 2137 1408 2181 volucris,
1438 2135 1645 2181 omittitur,
1690 2144 1786 2181 quae

310 2207 349 2240 et
378 2203 479 2251 apud
498 2202 669 2241 Graecos
691 2207 729 2241 et
748 2203 850 2251 apud
870 2203 1065 2240 Romanos
1084 2202 1282 2250 permagni
1302 2201 1605 2238 aestimabatur?
1647 2198 1783 2245 Itaque

309 2268 459 2305 omnino
493 2280 567 2306 non
601 2268 852 2305 dubitandum
886 2271 962 2312 est,
1006 2268 1096 2314 quin
1128 2267 1314 2312 Babrius‚
1356 2266 1388 2303 si
1429 2266 1467 2303 in
1494 2265 1613 2303 Italia
1646 2269 1714 2302 aut
1746 2264 1785 2301 in

310 2332 473 2370 Graecia
500 2332 704 2378 floruisset,
732 2333 804 2370 hoc
832 2333 915 2370 loco
944 2343 1129 2379 pavonem
1157 2332 1422 2369 nominaturus
1450 2330 1577 2367 fuerit.
1632 2329 1691 2367 Ex
1718 2328 1784 2366 illo

309 2401 436 2434 autem
469 2398 612 2435 Hehm'i
652 2398 750 2435 libro
792 2397 1184 2446 praestantissimo3),
1228 2397 1292 2443 qui
1334 2396 1557 2434 inscribitur
1598 2394 1785 2442 „Kultur-

308 2461 482 2509 pflanzen
498 2463 575 2499 und
588 2462 834 2508 Haustiere“,
849 2473 1036 2509 pavonem
1053 2462 1233 2499 discimus
1247 2462 1414 2507 ignotum
1430 2460 1547 2497 fuisse
1562 2457 1784 2507 Aegyptiis,

404 2603 430 2646 1)
458 2602 502 2638 cf.
528 2602 635 2638 Babr.
664 2601 734 2638 fab.
765 2603 841 2646 115,
861 2603 892 2638 3.
921 2604 957 2638 et
983 2603 1037 2637 30.

401 2661 428 2705 ²)
453 2671 531 2697 nro.
557 2663 613 2697 72.

401 2720 430 2764 ³)
455 2731 489 2766 p.
517 2721 596 2758 290.
