1986 3223
844 213 1074 249 -5—

934 322 980 359 V.

326 397 512 443 Quoniam
557 409 603 435 cx
646 401 807 442 utroque
850 398 1067 434 fabularum
1103 399 1297 445 prooemio
1331 398 1516 436 Babrium
1552 410 1702 445 semper

222 472 331 498 usum
360 473 442 499 esse
464 462 686 499 choliambis
715 462 968 508 pernoscitur,
1000 462 1101 498 haud
1129 462 1284 499 dubium
1311 463 1402 499 mihi
1423 463 1582 506 videtur,
1613 463 1700 509 quin

221 536 266 562 ea
295 526 541 572 apologorum
563 525 788 571 fragmenta,
825 536 921 571 quae
946 530 1095 562 restant
1124 526 1269 570 iambis,
1303 527 1546 572 hexametris
1582 527 1702 573 elegis

221 590 453 636 conscripta,
497 589 694 626 Babriana
732 600 812 625 esse
848 590 1062 635 negandum
1095 591 1147 626 sit
1160 590 1199 638 ¹).
1257 589 1430 627 Primum
1459 591 1558 628 enim
1587 591 1702 628 fabu-

220 654 342 690 larum
363 653 494 690 Babrii
519 653 780 697 iambicarum,
812 664 887 689 non
914 653 1136 690 olaudarum
1166 654 1423 701 fragmentum
1453 655 1500 692 ab
1531 655 1702 692 omnibus

225 717 306 754 fere
335 718 544 755 editoribus
577 718 738 755 affertur
766 718 861 754 illud
890 717 1046 755 Suidae:

812 783 871 818 νῦν
901 781 940 818 δὲ
969 781 1136 831 σωθείην,
1163 781 1222 818 ἵνα

504 842 527 895 ᾗ
559 860 619 893 μοι
648 845 799 893 δίδαγμα
827 847 933 882 τοῦτο
961 847 1024 882 τοῦ
1055 847 1178 883 λοιποῦ
1207 845 1353 896 χρόνου.

223 909 480 953 Gaisfordius,
515 913 557 946 ut
587 921 633 947 ex
662 910 708 946 iis
737 910 884 946 iambis·
902 910 997 947 fiant
1026 910 1240 955 choliambi,
1274 911 1392 948 verba
1419 911 1475 948 ita
1504 911 1703 959 disponere

224 985 295 1011 uon
325 974 530 1012 dubitavit:

814 1041 873 1076 νῦν
904 1039 942 1076 δὲ
971 1039 1139 1089 σωθείην,

513 1103 648 1152 afflans?
675 1102 716 1140 ἵν’
747 1101 772 1154 ᾖ
802 1119 863 1152 μοι
889 1105 994 1141 τοῦτο
1023 1106 1085 1141 τοῦ
1114 1104 1246 1154 χρόνου
1277 1107 1412 1142 λοιποῦ.

331 1166 407 1204 Sed
436 1169 653 1205 accuratius
681 1179 779 1206 nunc
806 1169 1014 1213 videamus,
1045 1169 1108 1215 qui
1129 1169 1273 1206 factum
1293 1170 1354 1216 sit,
1386 1173 1429 1207 ut
1448 1170 1542 1207 talia
1561 1170 1704 1207 tribue-

226 1236 358 1268 rentur
388 1232 544 1269 Babrio.
602 1232 740 1270 Suidas
770 1239 897 1270 autem
925 1234 1019 1270 haec
1048 1233 1157 1270 dicit:
1195 1233 1291 1283 παρὰ
1325 1234 1384 1270 τὸν
1420 1234 1536 1282 μῦθον
1573 1233 1707 1283 εἴρηται

230 1297 334 1332 τοῦτο
363 1299 427 1345 τῆς
456 1296 708 1346 μανθανούσης
737 1297 903 1347 χελώνης
924 1297 1093 1334 ἵπτασθαι
1118 1297 1214 1347 παρὰ
1233 1299 1294 1334 τοῦ
1316 1297 1420 1334 ἀετοῦ
1442 1298 1500 1335 καὶ
1518 1298 1705 1347 πεσούσης.

229 1359 360 1396 Babrii
395 1360 511 1406 igitur
544 1372 680 1398 nomen
716 1362 787 1398 1100
824 1362 907 1398 1000
945 1366 1137 1408 sumptum
1172 1373 1254 1399 esse
1289 1363 1509 1399 coniectura
1544 1363 1706 1408 quadam

228 1423 368 1469 liquet,
414 1435 498 1461 cum
526 1424 663 1462 Suidas
697 1426 792 1462 nihil
828 1426 931 1463 dicat
959 1427 1005 1463 de
1035 1426 1115 1463 eius
1143 1427 1297 1473 apologi
1327 1431 1491 1463 auctore.
1548 1426 1708 1464 Rectius

228 1492 354 1524 tamen
383 1487 521 1526 Suidas
549 1489 645 1526 illud
673 1491 929 1536 fragmentum
958 1491 1129 1527 hausisse
1158 1491 1348 1537 putandus
1383 1495 1441 1527 est
1476 1502 1522 1527 ex
1558 1490 1708 1527 fabula-

228 1557 312 1588 tore
338 1553 512 1598 quodam,
543 1555 607 1600 qui
628 1555 813 1591 Babrium
842 1556 1014 1592 imitatus
1043 1556 1224 1601 apologos
1254 1555 1535 1601 conscripserat
1562 1554 1709 1592 iambis.

230 1615 392 1662 Talique
420 1619 570 1655 ratione
598 1619 843 1656 iudicandum
872 1624 931 1656 est
960 1619 1005 1656 de
1035 1619 1249 1656 fabularum
1274 1619 1505 1656 hexametris
1525 1619 1707 1665 composi-

229 1684 352 1717 tarum
386 1683 563 1727 reliquiis
598 1695 620 1719 a
648 1683 847 1725 Knochio‚
891 1683 1153 1727 Eberhardio‚
1198 1683 1284 1720 aliis
1313 1683 1457 1720 Babrio
1493 1682 1708 1729 vindicatis,

231 1756 325 1790 quas
354 1757 436 1783 meo
466 1747 614 1793 quidem
646 1748 786 1785 iudicio
815 1748 977 1795 protulit
996 1747 1132 1785 Suidas
1163 1759 1208 1784 ex
1237 1759 1396 1794 corpore
1421 1748 1585 1793 quodam
1605 1746 1711 1784 fabu-

231 1810 371 1855 larum,
414 1811 514 1857 quod
557 1812 782 1859 inscriptum
826 1816 883 1849 est
926 1810 1085 1849 Μυθικοί.
1157 1811 1291 1858 Neque
1335 1812 1434 1848 enim
1475 1811 1712 1848 Lachmanni

234 1875 453 1912 coniectura
481 1876 679 1923 probanda
707 1877 876 1921 videtur,
916 1878 980 1922 qui
1010 1888 1074 1913 eas
1102 1877 1351 1922 apologorum
1381 1876 1578 1921 reliquias,
1616 1886 1712 1921 quae

230 1939 330 1984 apud
365 1939 520 1977 Suidam
561 1941 742 1986 leguntur
784 1941 1016 1978 hexametris
1058 1941 1267 1986 iambisque
1310 1941 1471 1987 scripta,
1514 1949 1711 1986 superesse

231 2008 341 2049 putet
361 2014 407 2040 ex
427 2004 503 2041 illis
523 2004 664 2041 fabulis
690 2006 850 2042 obscura
877 2005 1048 2041 oratione
1079 2004 1310 2051 compositis,
1342 2014 1503 2050 quarum
1533 2006 1711 2040 auctores

229 2079 252 2104 a
280 2068 423 2106 Babrio
453 2069 719 2116 vituperentur
747 2070 805 2106 his
833 2069 978 2106 verbis:

512 2143 566 2182 (m’
598 2145 686 2194 ἐμοῦ
717 2145 755 2182 δὲ
784 2145 929 2195 πρώτου
958 2148 1021 2194 τῆς
1049 2143 1162 2194 θύρης
1191 2143 1418 2194 ἀνοιχθείσης

513 2209 679 2259 εἰπῆλθον
709 2208 810 2247 ἄλλοι
837 2209 896 2247 καὶ
925 2208 1133 2259 σοφωτέρης
1161 2207 1298 2257 μούσης

512 2273 645 2323 γρίφοις
674 2273 799 2322 ὁμοίας
829 2273 1018 2323 ἐκφέρουσι
1047 2273 1201 2322 ποιήσεις

515 2338 693 2386 μαθόντες
721 2337 823 2375 οὐδὲν
853 2340 973 2375 πλεῖον
1002 2337 1025 2387 ἢ
1053 2337 1286 2386 γεγωνίσκειν.

330 2450 356 2493 ²)
383 2448 604 2494 Nuperrime
630 2449 877 2493 fragmentum
910 2448 1008 2483 haud
1039 2447 1149 2483 dubie
1181 2458 1226 2482 ex
1250 2446 1404 2490 fabella,
1444 2456 1539 2491 quae
1565 2446 1645 2480 erat
1670 2444 1714 2479 de

233 2507 333 2541 ranis
359 2518 484 2551 regem
510 2508 734 2553 petentibus,
760 2507 976 2552 decerptum
1002 2507 1042 2541 in
1068 2506 1187 2541 lucem
1205 2505 1353 2551 prodiit,
1373 2504 1471 2550 quod
1489 2503 1615 2539 Babrii
1633 2513 1714 2537 esse

234 2566 367 2600 conicit
402 2566 564 2601 Weilius.
614 2565 657 2601 cf.
691 2577 802 2601 revue
835 2565 900 2601 des
932 2565 1061 2600 etudes
1093 2575 1290 2610 grecqueS,
1325 2565 1425 2599 1890.
1451 2574 1486 2607 p.
1513 2563 1593 2597 309.
1643 2560 1715 2596 Sed

235 2624 322 2668 quia
358 2625 548 2669 perierunt
583 2635 757 2660 versuum
796 2625 932 2668 exitus,
970 2624 1016 2659 de
1053 2623 1252 2668 fragmenti
1285 2623 1435 2657 auctore
1467 2619 1562 2655 m‘hil
1594 2621 1717 2665 potest

235 2681 437 2720 diiudicari.
