1986 3223
774 259 922 294 „21
983 279 1032 283 --

171 374 205 410 h.
236 384 269 410 a.
301 373 336 416 7,
377 373 411 409 2.
441 383 477 418 p.
511 372 596 415 153,
627 371 685 412 13,
720 370 814 408 Luc.
844 381 922 407 var.
953 369 1041 408 hist.
1079 370 1111 415 1,
1142 370 1200 411 10,
1237 369 1392 416 Dionys.
1428 368 1556 406 Halic.
1592 367 1638 405 de

171 437 290 474 Γ[111110.
322 437 356 479 6,
386 435 594 473 Herodian.
627 435 661 479 8,
700 435 758 471 12.
790 435 824 479 7,
855 435 890 478 2,
920 435 955 471 8.
987 437 1023 471 et
1056 435 1113 472 10.
1170 433 1354 472 Videmus
1381 433 1502 480 igitur
1530 443 1638 470 usum

172 501 328 548 pluralis
357 499 435 537 ὗλαι
463 500 509 536 ab
538 498 750 536 Aristotele
778 498 858 536 fieri
888 498 1199 544 frequentiorem,
1237 498 1336 535 unde
1365 497 1536 536 concludi
1564 508 1638 534 non

171 569 296 612 potest
323 564 505 601 Babrium
535 564 699 611 pendere
728 574 774 601 ex
802 573 975 600 sermone
1004 562 1274 601 Romanorum.

275 651 375 701 ἠιόνα
405 650 494 693 ξύων
525 653 559 695 6,
593 652 643 689 l.:

173 717 270 763 quod
301 715 436 754 Crusio
471 716 628 762 aliisque
663 715 893 752 simillimum
929 714 986 751 illi
1013 714 1180 760 Vergilii
1214 714 1297 751 voci
1331 714 1445 751 litora
1480 713 1640 751 radendi

171 781 331 827 videtur,
361 784 508 818 tantum
534 781 652 825 abest,
681 783 724 817 ut
742 780 954 827 profectum
976 790 1056 816 esse
1075 790 1095 815 e
1114 779 1241 826 lingua
1260 779 1401 816 Latina
1422 778 1636 822 concedam,

173 850 214 883 ut
243 849 376 883 contra
403 845 626 882 vocabulum
655 856 737 882 esse
766 855 855 881 vere
875 843 1066 881 Graecum
1093 847 1222 891 putem
1251 854 1296 880 ex
1315 843 1546 890 piscatorum
1566 853 1637 879 usu

172 912 344 957 petitum,
373 913 416 946 ut
434 910 613 946 Britanni
641 909 687 946 de
716 909 926 946 everriculo
955 908 1085 944 dicunt
1115 911 1178 952 „to
1207 908 1359 945 shave“.

173 974 351 1012 Ceterum
371 975 540 1011 Avianus
559 975 628 1011 hos
649 973 797 1020 apologi
815 973 999 1010 Babriani
1018 983 1149 1011 versus
1177 972 1234 1008 ita
1261 972 1432 1010 imitatus
1461 975 1534 1009 est:

392 1036 395 1039 ’
434 1039 607 1075 Piscator
634 1038 768 1075 solitus
796 1038 975 1085 praedam
1003 1037 1232 1083 suspendere
1261 1039 1367 1074 saeta

436 1103 559 1149 exigui
587 1102 702 1149 piscis
730 1102 803 1139 vile
833 1102 1008 1138 trahebat
1036 1113 1141 1139 onus.

174 1170 210 1205 et
238 1167 372 1204 Babrii
407 1168 677 1215 paraphrasta:
726 1166 842 1207 ἁλιεὺς
875 1166 999 1206 καθεὶς
1033 1166 1073 1203 τὸ
1109 1165 1247 1204 δίκτυον
1284 1164 1454 1214 ἀνήνεγκε
1489 1164 1640 1214 μαινίδα.

281 1255 420 1306 ἐπέχειν
450 1257 511 1297 26,
533 1255 565 1292 5.
599 1256 660 1299 50,
686 1255 747 1291 11;

280 1320 445 1357 Babrius
479 1319 535 1356 bis
573 1319 728 1357 verbum
763 1319 903 1370 ἐπέχειν
937 1319 1096 1366 simplex
1139 1319 1195 1356 ita
1236 1319 1453 1366 usurpavit,
1495 1321 1537 1354 ut
1579 1318 1644 1355 alii

177 1384 355 1422 dixerunt
383 1383 570 1434 ὀφθαλμόν
599 1384 661 1422 vel
690 1383 843 1421 διάνοιαν
872 1385 932 1422 vel
959 1383 1104 1433 γνώμην
1135 1383 1273 1434 ἐπέχειν
1301 1382 1375 1420 τινί.

277 1449 443 1486 Romani
472 1452 596 1486 autem
625 1449 751 1486 dicere
780 1449 918 1487 solent:
954 1449 1119 1485 animum
1153 1449 1355 1486 advertere
1387 1448 1448 1486 vel
1477 1447 1643 1485 animad-

175 1517 324 1551 vertere
367 1515 427 1552 vel
464 1514 661 1551 advertere
674 1513 714 1563 ¹).
771 1513 845 1552 Ille
879 1514 1011 1551 Babrii
1052 1525 1142 1551 usus
1183 1525 1257 1550 non
1291 1513 1528 1551 Graecorum
1563 1524 1644 1550 esse

174 1578 374 1616 videbatur
403 1578 550 1616 Crusio.
607 1578 681 1615 Sed
716 1579 849 1616 confer
875 1579 1061 1617 Herodot.
1100 1579 1134 1621 6,
1162 1579 1228 1616 96:
1272 1577 1328 1615 ἐπὶ
1355 1576 1466 1627 Νάξῳ
1502 1577 1645 1628 ἐπεῖχον

176 1640 428 1691 στρατεύεσθαι
454 1642 486 1679 οἱ
505 1641 636 1692 Πέρσαι
663 1645 701 1680 et
734 1644 764 1690 1,
792 1644 875 1681 153.
909 1643 1021 1688 1,8Ο,
1051 1643 1222 1691 Thucyd.
1254 1643 1289 1688 2,
1310 1643 1376 1680 81:
1405 1641 1474 1680 οὔτ’
1495 1641 1646 1692 ἐπέσχον

174 1706 214 1743 τὸ
243 1705 481 1756 στρατόπεδον
509 1708 733 1756 καταλαβεῖν.

281 1794 463 1844 συνεζήκει
495 1796 579 1842 106,
613 1796 681 1832 10:

282 1859 363 1897 eod.
391 1859 442 1896 A.
474 1860 642 1897 exhibet:
687 1858 768 1907 μεθ’
797 1858 839 1908 ἧς
866 1858 910 1896 τὰ
937 1858 1052 1897 πολλὰ
1081 1858 1251 1910 μειλίχως
1280 1857 1468 1908 συνεζήτει.

175 1923 322 1964 Iterum
340 1924 462 1970 igitur
481 1924 667 1961 incertum
690 1927 748 1962 est
766 1924 1065 1963 fundamentum.
1099 1923 1173 1961 Sed
1193 1923 1441 1961 concedamus
1460 1923 1644 1960 Babrium

177 1988 371 2035 scripsisse
406 1987 599 2037 συνεζήκει.
656 1989 891 2036 Quamquam
927 1989 996 2026 hoc
1029 1989 1111 2027 1000
1146 1991 1251 2038 συζῆν
1288 1999 1365 2026 non
1398 1983 1496 2025 idem
1529 1988 1646 2034 signi·

175 2052 275 2100 fleat,
305 2052 404 2099 quod
433 2054 663 2099 συνδειπνεῖν,
694 2053 758 2091 sed
792 2055 853 2103 ζῆν
887 2052 979 2102 μετά
1007 2068 1108 2095 τινος.
1165 2054 1226 2090 De
1262 2055 1366 2103 συζῆν
1401 2053 1475 2090 iam
1511 2056 1645 2099 quarto

176 2118 327 2154 saeculo
357 2117 585 2155 creberrimo
615 2119 662 2156 cf.
691 2116 789 2157 Plat.
808 2118 924 2157 Polit.
954 2131 990 2166 p.
1013 2119 1098 2156 302.
1120 2119 1168 2164 Β,
1196 2118 1305 2156 Dem.
1336 2130 1371 2166 p.
1403 2118 1490 2163 330,
1511 2118 1547 2156 2.
1577 2120 1649 2156 etc.

176 2181 339 2219 Aristot.
377 2182 452 2220 eth.
487 2184 523 2229 4,
557 2183 615 2220 12.
655 2183 716 2221 13.
754 2184 788 2227 8,
820 2184 854 2221 6.
889 2184 987 2221 rhet.
1019 2184 1054 2228 2,
1088 2184 1146 2221 14.
1183 2187 1254 2221 etc.
1315 2183 1480 2220 Babrius
1521 2186 1648 2220 autem

177 2246 329 2283 adamat
362 2247 480 2284 verba
515 2258 600 2284 cum
635 2262 696 2285 συν
731 2248 956 2295 composita,
999 2252 1043 2285 ut
1071 2247 1289 2298 συγγέρωνὲ)
1324 2248 1348 2286 i.
1378 2259 1409 2285 e.
1439 2246 1648 2285 senectutis

176 2311 311 2353 socius,
332 2311 443 2357 quod,
464 2310 504 2348 ni
523 2311 651 2357 fallor,
670 2323 693 2349 a
707 2312 851 2350 Babrio
871 2312 1063 2350 inventum
1084 2324 1106 2349 a
1125 2313 1229 2350 nullo
1249 2312 1321 2349 nisi
1341 2313 1388 2350 ab
1403 2311 1605 2350 Eustathio
1617 2311 1649 2360 3)

176 2375 370 2422 recipitur.
417 2375 548 2422 Atque
568 2377 836 2424 seiungendum
857 2388 939 2415 esse
959 2376 1136 2428 συγγέρων
1157 2389 1179 2414 a
1199 2377 1492 2415 con-senescendi
1512 2376 1645 2414 simili-

177 2439 305 2477 tudine
324 2451 433 2477 nemo
453 2441 656 2489 negabit4).
705 2441 880 2479 Ceterum
902 2453 975 2480 non
996 2442 1142 2488 desunt,
1164 2441 1227 2489 qui
1246 2441 1414 2480 fabulam
1436 2442 1522 2480 106.
1548 2441 1649 2479 mala

271 2573 299 2615 1)
324 2571 368 2608 cf.
394 2573 466 2609 Cic.
493 2574 539 2609 ad
563 2573 648 2609 fam.
678 2578 707 2620 1,
730 2578 757 2611 1.
785 2577 852 2612 ete.

270 2631 298 2674 ²)
325 2630 396 2666 fab.
421 2633 477 2677 22,
503 2635 536 2669 7.

271 2689 299 2733 3)
324 2700 361 2734 p.
386 2691 465 2735 306,
492 2693 547 2727 34.

272 2749 298 2792 ⁴)
325 2747 369 2783 de
394 2759 463 2784 usu
488 2749 670 2786 Babriano
696 2752 979 2797 praepositionis
1008 2750 1063 2786 σύν
1091 2751 1135 2787 cf.
1161 2751 1328 2787 Rutherf.
1354 2762 1387 2797 p.
1418 2753 1495 2788 183.
