1986 3223
788 226 1047 260 —11-

856 334 968 371 VIII.

283 411 380 447 Tum
410 422 432 446 a
459 410 600 455 multis,
633 410 732 455 quod
752 409 886 446 Babrii
915 419 1049 446 nomen
1077 409 1269 446 invenitur
1289 409 1327 445 in
1347 409 1469 445 titulis
1488 408 1650 450 Latinis,

177 474 362 511 Babrium
390 474 506 510 fuisse
536 473 749 511 Romanum
779 474 975 510 conicitur.
1025 472 1101 510 Sed
1131 483 1176 509 ex
1210 483 1254 509 ea
1287 483 1329 508 re
1364 483 1438 509 non
1468 472 1650 517 sequit—ur,

177 542 218 575 ut
245 538 428 575 Babrium
456 537 572 574 fuisse
600 538 844 575 vernaculum
865 537 1124 574 Romanorum
1144 547 1280 573 nomen
1300 537 1439 582 gentile
1465 539 1650 582 putemus,

178 603 266 648 quia
293 601 379 639 fieri
406 605 573 648 poterat,
603 606 646 638 ut
674 613 697 638 a
717 601 874 639 Graecis
903 600 1177 638 transferretur
1197 601 1245 637 ad
1263 600 1397 644 Italos,
1426 599 1651 647 praesertim

181 677 263 703 cum
281 666 418 702 Babrii
437 676 572 702 nomen
601 666 825 712 plerumque
854 664 968 702 fuisse
997 664 1186 701 libertinis
1216 667 1374 711 constet,
1406 664 1472 700 sed
1500 663 1650 700 omnino

178 740 251 766 non
279 730 473 775 usitatum,
504 730 681 775 quoniam
711 730 824 766 aliter
853 729 1037 775 explicari
1071 739 1147 765 non
1190 731 1334 774 potest,
1376 727 1562 773 quomodo
1606 726 1651 763 de

179 794 329 830 nomine
357 798 493 841 poetae
521 798 608 831 orta
636 794 686 830 sit
714 793 985 830 controversia.
1033 792 1216 828 Babrium
1237 792 1337 828 enim
1358 791 1450 828 dicit
1469 791 1649 836 Avianus‚

179 857 362 894 Babriam
404 858 575 900 Tzetzes,
619 862 819 903 utramque
861 857 1021 894 formam
1064 857 1221 893 exhibet
1254 855 1402 902 Suidas‚
1447 854 1652 892 Chabriam

177 920 414 967 Aposmlius,
436 921 587 971 Γαβρίου
601 919 782 970 Ἕλληνος
800 919 1013 971 τετράστιχα
1033 920 1150 957 codex
1163 919 1410 957 Harleianus.
1458 918 1652 964 Bergkius

178 989 303 1022 autem
342 987 504 1023 nominis
539 986 725 1031 originem
760 985 924 1022 indidem
962 984 1083 1030 ducit,
1129 984 1228 1021 unde
1271 981 1472 1032 βαβράζειν,
1513 982 1552 1019 id
1595 985 1653 1018 est

177 1049 382 1087 vociferari
392 1046 433 1098 Ἰ).

283 1112 441 1151 Crusius
475 1118 623 1158 autem,
660 1124 884 1159 quamquam
919 1112 1042 1150 labori
1070 1123 1145 1148 non
1174 1111 1355 1158 pepercit,
1391 1114 1434 1147 ut
1469 1110 1650 1147 Babrium

178 1177 294 1215 fuisse
323 1179 443 1225 stirpe
470 1178 647 1215 Romana
676 1178 971 1221 demonstraret,
1007 1180 1135 1212 tamen
1167 1176 1239 1212 hac
1273 1176 1311 1211 in
1345 1187 1387 1212 re
1416 1175 1539 1212 oleum
1566 1184 1650 1220 per-

178 1241 318 1278 didisse
360 1242 453 1278 mihi
495 1243 657 1279 videtur.
715 1242 842 1279 Docet
884 1241 984 1277 enim
1025 1244 1177 1287 poetam
1219 1240 1336 1277 fuisse
1369 1239 1583 1276 Romanum
1615 1242 1651 1274 et

177 1304 352 1343 floruisse
393 1307 507 1343 tertio
550 1310 637 1353 post
679 1305 767 1343 Chr.
806 1317 840 1342 n.
877 1305 1029 1342 saeculo
1065 1305 1232 1341 ineunte.
1295 1303 1425 1351 Quid?
1486 1303 1651 1339 Babrius

177 1379 300 1406 nonne
329 1370 430 1408 elato
460 1371 584 1407 animo
614 1371 696 1417 ipse
724 1369 943 1406 confitetur:

948 1431 1023 1470 ἀλλ’
1054 1432 1124 1480 ἐγὼ
1154 1431 1216 1481 νέῃ
1246 1430 1362 1481 μούσῃ

456 1498 583 1547 δίδωμι
611 1498 762 1549 φαλάρῳ
791 1497 934 1548 χρυσέῳ
963 1496 1165 1547 χαλινώσας

456 1563 516 1600 τὸν
546 1563 749 1612 μυθίαμβον
780 1562 899 1611 ὥσπερ
926 1561 1033 1598 ἵππον
1063 1559 1220 1609 ὁπλίτην.

455 1627 512 1663 ὑπ’
544 1627 632 1676 ἐμοῦ
663 1627 702 1664 δὲ
730 1626 876 1675 πρώτου
905 1628 969 1675 τῆς
996 1623 1108 1674 θύρης
1138 1622 1363 1673 ἀνοιχθείσης

456 1691 622 1740 εἰσῆλθον
652 1689 752 1728 ἄλλοι
780 1694 851 1727 etc.

175 1753 312 1800 Itaque
333 1754 469 1793 Crusio
499 1756 722 1792 sumendum
752 1758 810 1791 est
839 1753 1037 1797 Babrium‚
1066 1753 1099 1789 si
1130 1752 1248 1789 fuerit
1277 1751 1424 1797 origine
1444 1750 1650 1791 Romanus,

176 1819 346 1855 consulto
383 1820 508 1856 celare
543 1819 776 1864 Phaedrum,
824 1818 887 1864 qui
928 1817 1059 1853 floruit
1099 1816 1334 1863 temporibus
1375 1815 1560 1860 Augusti,
1603 1824 1649 1849 ne

175 1882 306 1919 laudes
334 1894 357 1919 a
384 1883 528 1920 Babrio
558 1883 751 1930 quaesitae
781 1883 828 1919 ab
858 1882 924 1918 illo
954 1882 1134 1918 libertino
1170 1880 1451 1922 deminuantur,
1495 1889 1571 1924 qua
1605 1878 1650 1914 de

175 1957 218 1983 re
245 1957 292 1984 ne
324 1947 531 1994 Byzantini
565 1947 716 1993 quidem
751 1947 988 1983 litteratores
1021 1945 1326 1988 hariolabantur,
1362 1946 1429 1979 aut
1456 1941 1649 1985 Babrium,

176 2011 298 2048 virum
318 2011 543 2056 Romanum,
575 2022 657 2048 cum
678 2011 864 2048 scriberet
883 2010 1030 2046 fabulas
1051 2009 1231 2052 Graecas,
1261 2008 1518 2044 Romanorum
1538 2016 1650 2052 prae-

176 2075 425 2112 clarissimum
461 2075 713 2112 fabulatorem
754 2074 824 2112 sibi
861 2072 1246 2121 praetermittendum
1282 2082 1361 2108 esse
1402 2069 1648 2117 putavisse-7,

174 2150 271 2185 quae
313 2150 375 2176 res
416 2139 517 2176 haud
559 2139 774 2176 verisimilis
816 2138 984 2182 videtur,
1033 2136 1132 2183 quod
1173 2147 1248 2173 non
1290 2134 1537 2172 dubitandum
1581 2138 1650 2175 est,

272 2244 297 2287 ¹)
337 2242 380 2277 cf.
420 2243 586 2278 Platonis
625 2242 787 2278 fabulam
825 2241 869 2277 de
910 2240 1046 2277 cicadis
1078 2241 1267 2275 narratam
1306 2237 1478 2282 (Phaedr.
1510 2248 1544 2281 p.
1572 2237 1649 2271 259.

173 2301 260 2337 Aes.
286 2301 357 2336 fab.
383 2303 463 2337 399.
491 2312 521 2336 e.
548 2301 696 2345 Halm).
1186 2335 1198 2348 .

271 2359 296 2404 2)
323 2359 400 2395 Nec
417 2360 592 2396 Babrium
617 2371 639 2395 a
656 2359 824 2394 Phaedro
843 2369 911 2393 nec
929 2356 1138 2393 Phaedrum
1156 2367 1177 2391 a
1194 2355 1328 2391 Babrio
1347 2364 1429 2389 esse
1445 2354 1651 2398 inspectum

178 2416 392 2452 facillimum
406 2420 463 2453 est
476 2418 726 2463 comprobare,
745 2417 811 2452 sed
830 2418 1027 2461 utrumque
1046 2426 1065 2449 e
1083 2413 1205 2457 simili,
1222 2424 1269 2447 ne
1286 2412 1417 2455 dicam,
1436 2422 1455 2446 e
1469 2409 1651 2446 communi

176 2475 275 2510 fonte
301 2476 479 2512 hausisse.
530 2475 633 2519 Quod
660 2475 800 2511 Seneca
835 2475 880 2510 ad
906 2473 1035 2519 Polyb.
1067 2473 1111 2508 de
1147 2471 1283 2507 consol.
1309 2472 1364 2505 27.
1397 2469 1539 2505 scribit:
1577 2478 1651 2502 non

177 2534 293 2569 audeo
318 2536 355 2570 te
380 2546 498 2580 usque
524 2545 566 2570 eo
594 2534 806 2579 perducere,
839 2537 880 2567 ut
905 2532 1060 2567 fabellas
1087 2541 1234 2576 quoque
1259 2530 1296 2564 et
1320 2528 1510 2572 Aesopeos
1536 2526 1650 2571 logos,

177 2592 438 2637 intemptatum
462 2593 637 2628 Romanis
663 2592 821 2636 ingeniis
848 2601 959 2636 opuS,
997 2589 1107 2625 solita
1144 2588 1213 2624 tibi
1244 2588 1438 2622 venustate
1469 2586 1650 2627 coneetas,

177 2660 251 2685 non
275 2651 408 2685 mirum
441 2653 516 2695 est,
554 2662 636 2686 cum
662 2649 855 2685 Phaedrus
882 2649 1042 2684 Senecae
1074 2658 1146 2682 non
1173 2646 1285 2681 fuisse
1310 2644 1480 2680 videatur
1504 2643 1650 2687 ingenio

175 2719 260 2745 vere
284 2708 459 2745 Romano.
