1986 3223
917 216 1169 252 -10-

412 331 436 366 2
465 338 616 373 versus,
646 327 686 364 in
722 332 773 369 αῖ.
809 331 856 372 οῖ,
887 341 916 370 ς,
946 341 962 361 ν
993 329 1032 362 et
1060 324 1187 362 enclit.
1218 325 1259 368 2,
1295 323 1334 360 in
1362 323 1515 359 brevem
1546 320 1716 358 vocalem
1744 319 1782 356 Ο.

310 393 416 431 tituli
436 392 565 439 quarti
584 391 787 429 choliambi
807 391 870 434 28,
900 388 1060 435 quorum
1080 391 1220 425 exeunt
1239 388 1278 426 in
1307 387 1476 434 syllabas
1494 388 1634 423 natura
1651 384 1786 431 longas

418 457 466 494 14
493 466 639 500 versus,
668 456 707 492 in
736 458 787 497 αῖ,
817 453 866 499 οἷ,
895 468 924 498 ς,
954 467 971 488 ν
1001 456 1041 489 et
1069 452 1196 489 enclit.
1230 453 1288 495 11,
1318 452 1357 488 in
1385 451 1537 488 brevem
1557 448 1728 487 vocalem
1750 448 1784 485 3.

415 520 532 558 Vides
574 519 691 567 igitur
720 517 820 565 apud
866 527 996 555 omnes
1038 514 1418 561 choliambographos
1459 512 1787 560 frequentissimas

314 596 397 623 esse
426 585 465 622 in
494 584 630 622 ultima
657 593 836 621 versuum
864 581 954 618 sede
981 581 1115 627 longas
1142 579 1311 628 syllabas
1339 589 1489 625 easque,
1525 588 1622 624 quae
1650 580 1790 614 exeant

312 650 351 688 in
372 651 422 691 αῖ,
455 650 502 694 οἵ,
523 663 553 692 ν,
583 663 614 692 ς,
642 647 860 684 rarissimas
879 656 956 692 eas,
987 655 1085 690 quae
1103 647 1241 681 exeant
1258 643 1297 680 in
1316 642 1450 680 breves
1474 642 1635 679 vocales.
1682 640 1789 688 Quae

314 724 398 751 cum
419 713 475 750 ita
494 712 582 755 sint,
608 711 777 748 Babrius
795 710 899 747 haud
916 719 1050 746 novam
1071 708 1258 754 quandam
1277 707 1397 754 legem
1417 706 1606 744 invenisse
1623 705 1788 747 videtur,

312 778 380 816 sed
407 779 560 815 secutus
581 786 664 813 esse
692 777 929 812 constantem
951 772 1187 810 Graecorum
1215 782 1372 817 morem,
1401 771 1458 808 ita
1476 774 1616 817 tamen,
1645 773 1689 807 ut
1707 770 1790 806 fere

316 852 446 880 omnes
473 841 643 888 syllabas
685 840 724 876 in
757 840 912 876 brevem
941 840 1123 875 exeuntes
1163 836 1332 874 vocalem
1370 835 1562 882 expulisse
1603 833 1790 871 videatur.

316 905 434 953 Apud
463 905 660 943 Romanos
688 907 817 941 autem
845 902 991 940 nullum
1019 902 1130 939 huius
1164 911 1319 938 normae
1347 899 1553 945 vestigium
1586 898 1792 936 invenitur.

306 971 405 1008 Nam

319 1033 475 1077 Catulli,
505 1033 569 1080 qui
588 1035 747 1075 restant,
778 1031 1077 1069 choliamborum
1098 1030 1173 1067 126
1203 1032 1346 1066 exeunt
1362 1028 1400 1065 in
1429 1027 1583 1065 brevem
1608 1026 1793 1075 syllabam

416 1099 465 1136 65
495 1108 637 1136 versus.

314 1162 508 1200 Martialis
535 1162 625 1198 libri
644 1160 759 1209 primi
778 1161 880 1197 inter
899 1159 1131 1197 choliambos
1150 1159 1200 1196 49
1221 1161 1360 1195 exeunt
1377 1157 1415 1194 in
1435 1157 1589 1194 brevem
1609 1155 1795 1204 syllabam

420 1227 470 1264 24
498 1237 640 1264 versus.

319 1291 514 1329 Martialis
555 1290 644 1328 libri
680 1290 893 1328 duodecimi
934 1290 1036 1326 inter
1077 1287 1310 1326 choliambos
1340 1287 1390 1325 75
1418 1290 1534 1324 exunt
1573 1286 1613 1322 in
1644 1286 1795 1322 brevem

422 1355 610 1403 syllabam
639 1355 688 1392 39
717 1365 860 1392 versus.

426 1419 608 1457 Ceterum
649 1419 810 1457 similem
852 1419 976 1465 legem
1018 1420 1133 1464 atque
1160 1416 1327 1454 Babrius
1367 1414 1542 1461 sequitur
1568 1413 1728 1452 Nonnus
1761 1416 1799 1450 et

326 1483 488 1531 elegiaci
517 1484 751 1530 antiquiores
779 1484 818 1520 in
845 1485 1087 1530 pentametro
1117 1485 1297 1519 extremo.

425 1547 561 1594 Pergit
589 1552 715 1586 autem
743 1547 961 1585 Ahrensius
993 1547 1065 1584 hoc
1091 1545 1219 1583 modo:
1267 1545 1446 1590 „Altera‚
1482 1554 1578 1589 quae
1605 1542 1799 1580 rarissime

323 1613 512 1658 violatur,
557 1614 652 1650 haec
693 1616 753 1650 est
795 1612 879 1661 (sel.
909 1610 1080 1659 regula),
1124 1614 1168 1647 ut
1207 1609 1442 1657 paenultima
1483 1618 1614 1645 versus
1655 1606 1802 1654 syllaba

323 1682 521 1715 accentum
549 1677 726 1716 habeat.“
783 1676 845 1714 Ac
870 1676 1036 1723 primum
1064 1675 1214 1721 quidem
1243 1673 1344 1720 quod
1371 1673 1550 1710 undecies
1578 1671 1802 1720 pronomina

320 1742 426 1791 ἡμεῖς
460 1745 500 1779 et
534 1741 634 1790 ὑμεῖς
667 1742 706 1778 in
746 1741 883 1778 ultima
923 1739 1219 1777 choliamborum
1261 1738 1350 1775 sede
1391 1737 1579 1776 collocata
1619 1736 1802 1779 videmus,

325 1806 475 1843 omnino
504 1817 580 1844 non
608 1809 809 1853 peccatum
837 1808 907 1849 est,
943 1816 1027 1842 cum
1056 1805 1130 1841 iam
1159 1803 1260 1850 apud
1287 1803 1498 1840 Homerum
1526 1805 1566 1839 et
1592 1801 1803 1839 Hesiodum

324 1870 473 1908 formae
501 1870 604 1919 ἥμεις
624 1873 663 1907 et
682 1869 782 1918 ῧμεις
801 1870 943 1907 reiecto
963 1873 1124 1906 accentu
1143 1868 1400 1905 inveniantur.
1439 1866 1616 1911 Accedit,
1646 1866 1746 1913 quod
1765 1869 1805 1904 et

324 1934 363 1972 in
391 1935 525 1972 mediis
554 1945 728 1972 versuum
758 1934 932 1981 partibus
961 1933 1142 1977 Babrius,
1176 1932 1404 1978 ubicumque
1431 1931 1490 1968 his
1522 1931 1805 1978 pronominibus

330 1999 470 2046 utitur,
514 1999 678 2036 retrahit
711 2002 910 2035 accentum
944 1998 982 2035 in
1017 1997 1204 2045 syllabam
1237 1997 1398 2044 primam
1410 1996 1450 2044 1).
1507 1994 1582 2033 Sed
1617 1996 1807 2041 quotiens-

327 2073 485 2109 cumque
513 2062 749 2109 paenultima
774 2066 950 2100 ver'suum
972 2061 1120 2108 syllaba
1147 2064 1344 2098 accentum
1374 2071 1449 2097 non
1476 2060 1603 2106 habet,
1633 2071 1709 2097 non
1737 2059 1804 2097 du-

335 2127 437 2164 bium
466 2126 636 2172 videtur,
673 2128 762 2174 quin
788 2127 828 2163 hi
856 2127 931 2163 loci
959 2126 1130 2173 corrupti
1159 2126 1234 2162 sint
1245 2125 1290 2173 2).
1346 2125 1391 2161 ln
1426 2124 1645 2172 epimythiis
1679 2127 1806 2161 autem

426 2284 451 2327 1)
480 2283 523 2318 cf.
556 2288 616 2328 la,
638 2286 688 2319 15.
724 2285 777 2327 12,
800 2284 853 2319 12.
882 2285 936 2327 15,
958 2285 1010 2318 14.
1039 2284 1095 2327 24,
1113 2284 1143 2318 5.
1172 2284 1228 2325 36,
1249 2283 1300 2316 12.
1329 2283 1386 2325 71,
1404 2283 1436 2317 7.
1462 2283 1519 2325 85,
1537 2283 1568 2317 9.
1596 2283 1726 2326 85,13.
1751 2282 1808 2324 85,

333 2342 387 2376 14.
415 2342 472 2386 93,
491 2343 522 2376 9.
551 2343 606 2386 95,
625 2344 680 2378 30.
709 2343 766 2385 95,
790 2344 844 2377 80.
874 2344 950 2385 131,
969 2344 1002 2376 2.
1028 2352 1057 2376 e.
1085 2351 1115 2376 c.
1143 2340 1283 2388 (ᾖμέωνς
1312 2342 1368 2384 90,
1387 2341 1452 2384 2.),
1484 2340 1549 2375 sed
1573 2341 1612 2374 in
1636 2350 1808 2375 versuum

331 2399 453 2434 initio:
480 2400 575 2446 ἡμεῖς
604 2399 648 2435 cf.
674 2402 730 2444 36,
752 2403 805 2436 ll.
834 2401 911 2444 128,
928 2402 962 2435 4.

429 2465 458 2507 ²}
484 2464 528 2500 cf.
558 2466 612 2509 12,
642 2466 694 2500 18.
723 2475 831 2509 quc-m
856 2475 1004 2499 versum
1027 2463 1194 2509 spurium
1220 2463 1358 2498 ducunt
1374 2463 1592 2506 Ahrensius,
1617 2462 1810 2506 Bergkius,

333 2521 596 2567 Eberhardius,
622 2523 695 2558 alii.
721 2522 765 2558 cf.
787 2524 842 2567 65,
864 2526 893 2558 1.
920 2522 1052 2557 Totum
1070 2525 1192 2557 autem
1209 2522 1318 2556 huius
1336 2521 1493 2557 fabellae
1519 2520 1708 2556 exordium
1732 2530 1810 2554 mu-

336 2580 483 2615 tilatum
510 2592 590 2617 esse
618 2583 773 2626 apparet
798 2592 816 2616 e
835 2581 949 2617 Suida
975 2592 1003 2616 s.
1028 2591 1060 2614 v,
1086 2581 1222 2626 γέρανος
1250 2581 1287 2614 et
1310 2579 1401 2617 ταὼς
1429 2578 1590 2624 εὐπήληξ.
1631 2578 1674 2614 cf.
1702 2580 1758 2623 73,
1781 2582 1809 2613 1.

337 2638 526 2684 Apologus
544 2640 748 2674 miserrime
767 2641 932 2674 curtatus
951 2641 1016 2674 est.
1060 2637 1358 2674 Schneidewinus
1377 2639 1413 2672 et
1430 2637 1609 2682 Bergkius
1628 2647 1701 2672 non
1726 2639 1811 2682 apte

339 2700 551 2742 proponunt
569 2698 703 2744 κλάῃα,
729 2698 934 2733 Ahrensius
952 2698 1093 2743 κλαγγὴν
1113 2697 1274 2741 glossam
1291 2696 1441 2740 genuini
1458 2700 1558 2742 γῆρυν
1578 2695 1810 2731 existimavit.
