1986 3223
862 233 1116 271 -25—

253 353 352 393 sunt,
382 347 516 385 Crusio
547 344 825 384 concedendum
854 348 912 382 est
939 343 1156 381 Branchum
1186 347 1224 380 et
1253 341 1461 379 Alexandri
1494 341 1612 379 filium
1645 352 1720 379 non

254 412 403 450 eosdem
430 411 559 449 fuisse.
617 409 676 447 At
703 412 831 446 tamen
858 409 975 447 verba
1003 408 1139 445 Babrii
1167 408 1267 454 ipsa:

616 473 658 512 ἐκ
687 471 856 522 δευτέρου
886 488 939 510 σοι
966 472 1071 522 τήνδε
1100 472 1216 522 βίβλον
1246 470 1353 509 ἀείδω

253 540 529 578 dubitationem
548 550 621 576 non
646 538 798 583 habent,
828 537 917 584 quin
942 537 1063 574 eidem
1092 540 1131 574 et
1158 536 1262 584 prior
1291 539 1329 573 et
1358 535 1482 573 altera
1508 533 1720 572 fabularum

253 604 370 642 editio
400 616 422 641 a
449 604 589 641 Babrio
618 602 695 640 sint
724 602 936 644 dedicatae;
979 600 1073 638 illud
1100 601 1199 638 enim
1228 599 1270 638 ἐκ
1299 598 1468 649 δευτέρου
1496 599 1590 636 nihil
1618 599 1721 636 aliud

251 668 466 715 significare
509 671 622 714 atque
663 667 837 704 voculam
879 666 1016 703 iterum
1065 665 1333 712 comprobatur
1374 664 1450 702 fab.
1490 664 1575 708 114,
1603 664 1667 713 5:32}
1682 667 1721 701 et

251 733 326 770 fab.
358 733 419 775 95,
444 733 529 770 101.
585 732 666 769 Nec
694 730 844 768 felicius
875 742 896 767 a
922 729 1057 767 Orusio
1086 729 1169 766 fieri
1196 729 1366 776 potuisse
1396 726 1721 772 contenditurfut

251 800 381 845 poeta,
424 797 641 844 priusquam
679 795 858 843 apologos
894 795 1072 832 collectos
1110 793 1306 840 edidisset,
1351 792 1533 840 pauculos
1575 793 1720 840 aliquos

251 863 394 910 publici
430 862 523 900 iuris
557 862 703 899 faceret
736 861 798 899 vel
827 859 958 897 amicis
986 859 1213 906 impertiret.
1268 858 1422 895 Etenim
1450 857 1615 895 Babrius
1642 857 1720 895 filio

252 927 467 965 Alexandri
498 926 631 964 Severi
665 925 825 963 fabellas
860 935 933 962 non
967 927 1056 961 ante
1091 934 1230 961 annum
1259 923 1345 960 235.
1377 922 1530 959 mittere
1557 926 1722 969 poterat,

254 1003 337 1030 cum
370 991 470 1043 filius
512 990 778 1037 imperatorius
815 999 934 1035 neque
978 992 1065 1026 ante
1108 998 1246 1025 annum
1283 987 1370 1025 225.
1406 990 1518 1024 natus
1553 990 1608 1031 et,
1651 998 1722 1034 quo

252 1062 420 1105 tempore
454 1056 592 1094 librum
627 1055 775 1102 accepit
809 1054 1043 1097 dedicatum,
1088 1064 1131 1091 eo
1174 1053 1276 1091 circa
1311 1052 1359 1089 ad
1394 1056 1558 1090 aetatem
1593 1051 1722 1089 decem

253 1133 437 1160 annorum
455 1124 656 1168 provectus
676 1131 757 1158 esse
782 1119 989 1157 censendus
1017 1118 1079 1156 sit.
1136 1119 1239 1165 Quae
1267 1118 1299 1155 si
1317 1118 1372 1155 ita
1392 1120 1530 1162 essent,
1558 1117 1724 1154 Babrius

252 1187 434 1234 apologos
462 1185 542 1223 fere
569 1197 638 1233 per
666 1185 829 1231 triginta
858 1194 976 1221 annos
1004 1183 1193 1230 repositos
1221 1193 1393 1221 servasse
1427 1181 1618 1229 putandus
1652 1185 1723 1220 est.

252 1250 327 1289 Sed
362 1262 433 1298 quo
469 1250 625 1288 consilio
660 1251 811 1286 motusff.>
866 1248 966 1296 Quia
1001 1248 1154 1285 fabulae
1190 1247 1353 1294 egebant
1379 1246 1500 1284 lima?
1554 1246 1722 1292 Minime,

253 1327 335 1354 cum
364 1319 446 1353 toto
474 1314 607 1352 Babrii
635 1314 814 1351 thesauro
842 1313 935 1350 insit
962 1323 1058 1350 unus
1086 1312 1258 1358 idemque
1287 1311 1470 1349 orationis
1499 1310 1620 1348 stilus.

357 1380 438 1426 Qua
489 1391 531 1417 re
573 1390 632 1416 me
673 1378 798 1416 iudice
844 1378 899 1415 nil
944 1377 1119 1425 impedit,
1166 1377 1364 1424 quominus
1416 1375 1554 1413 Carolo
1600 1374 1723 1412 Lach-

251 1456 386 1483 manno
415 1445 667 1492 astipulantes
686 1443 871 1481 Babrium
889 1442 1062 1480 floruisse
1082 1453 1299 1479 censeamus
1327 1441 1445 1488 primo
1471 1443 1559 1488 post
1578 1439 1666 1477 Chr.
1687 1451 1722 1477 n.

250 1510 400 1548 saeculo
413 1510 455 1559 1).
518 1509 701 1557 Quisnam
731 1508 848 1545 fuerit
875 1508 942 1545 ille
969 1507 1211 1553 Alexander,
1255 1517 1338 1544 meo
1381 1506 1530 1552 quidem
1566 1504 1724 1542 arbitrio

251 1574 315 1611 vix
349 1585 527 1621 umquam
561 1577 666 1612 certo
695 1573 837 1621 poterit
867 1573 1063 1620 cognosci,
1107 1572 1178 1609 nisi
1211 1572 1317 1609 novis
1345 1571 1467 1608 titulis
1494 1570 1658 1617 repertis
1686 1569 1725 1607 id

251 1639 426 1685 aenigma
454 1639 528 1677 erit
556 1639 732 1676 solutum.

348 1772 374 1816 ¹)
401 1772 544 1808 etiamsi
569 1783 627 1808 me
651 1783 725 1807 non
756 1771 852 1816 fugit
884 1781 945 1807 eos
977 1782 1122 1816 versus,
1161 1770 1224 1817 qui
1255 1770 1300 1806 ab
1332 1768 1530 1815 Apollonio
1560 1768 1726 1813 sophista

253 1831 304 1873 (in
322 1830 439 1866 lexico
454 1831 648 1866 Homerico
667 1842 702 1876 p.
724 1832 778 1875 10,
796 1831 866 1875 13.)
883 1830 1089 1874 traduntur,
1107 1831 1258 1875 propter
1274 1828 1395 1864 ultimi
1412 1828 1516 1873 pedis
1534 1828 1725 1863 accentum

252 1899 274 1924 a
296 1888 431 1924 Babrio
457 1900 538 1925 esse
564 1888 840 1925 abiudicandos.
