1986 3223
841 245 1071 280 -3-

923 366 974 403 ΙΙ.

319 453 426 500 Quae
456 463 538 488 cum
566 452 622 488 ita
650 452 739 496 sint,
776 453 984 490 cavendum
1022 454 1116 490 mihi
1145 454 1295 491 videtur
1324 455 1369 492 de
1398 455 1531 492 Babrii
1559 460 1687 493 aetate

213 517 460 563 exquisitum,
493 527 540 552 ne
569 516 639 552 hac
666 517 704 553 in
734 528 774 553 re
802 517 1019 562 proficiscar
1048 529 1094 554 ex
1122 519 1304 555 sermonis
1332 520 1581 566 proprietate,
1611 531 1686 565 qua

212 583 299 617 sunt
331 579 483 616 fabulae
512 579 740 624 Bam-ianae,
784 591 866 617 cum
909 581 979 617 tali
1014 581 1207 618 divinandi
1242 583 1389 619 ratione
1424 593 1498 619 non
1531 587 1611 620 tam
1640 584 1686 621 de

210 643 345 680 Babrii
374 646 513 687 aetate,
551 654 660 689 quam
697 644 742 680 de
772 644 950 681 Graeculi
979 645 1081 681 illius
1109 646 1344 692 temporibus
1374 647 1516 684 certior
1544 647 1687 694 fierem,

210 707 273 752 qui
307 708 436 745 invitis
469 709 584 745 musis
621 708 754 745 Babrii
792 709 976 755 apologos
1017 710 1241 756 compressit
1281 710 1547 757 plurimasque,
1591 722 1686 758 quae

209 781 307 808 nunc
336 774 479 815 extant,
514 772 802 809 affabulationes
837 773 987 809 adiecit.
1044 773 1189 810 Tamen
1218 773 1333 810 etiam
1361 774 1400 810 in
1428 775 1474 811 iis
1503 776 1682 822 apologis,

209 835 273 881 qui
315 836 424 872 nobis
466 837 679 878 traduntur,
722 837 852 873 insunt
885 837 1078 879 nonnulla,
1122 848 1219 882 quae
1253 839 1301 874 ab
1335 838 1402 874 illo
1432 839 1685 884 epitomatore

209 902 363 936 servata
404 903 579 946 spectent
621 901 668 936 ad
709 901 911 946 genuinum
954 901 1169 937 fabularum
1213 904 1418 938 auctorem.
1480 901 1597 939 Cuius
1639 903 1685 940 de

209 966 335 999 aetate
377 964 513 1000 mirum
555 967 612 1001 est
662 968 840 1010 quantum
884 964 1100 1011 discrepent
1134 965 1413 1011 philologorum
1462 967 1684 1005 sententiae.

208 1026 459 1073 Tyrwhittius
493 1029 592 1065 enim
628 1032 667 1065 et
695 1027 854 1065 Crusius
882 1028 1067 1065 Babrium
1104 1029 1221 1066 fuisse
1249 1030 1446 1075 aequalem
1475 1031 1685 1067 Alexandri

208 1090 339 1128 Severi
373 1092 625 1138 imperatoris,
668 1092 863 1138 Bergkius
898 1097 937 1129 et
964 1092 1163 1138 Wagener
1196 1092 1368 1130 floruisse
1398 1094 1504 1130 aiunt
1532 1095 1682 1131 saeculo

207 1159 296 1192 ante
325 1154 519 1192 Christum
547 1159 677 1192 natum
707 1160 854 1202 quarto.
911 1155 983 1193 Cui
1011 1157 1224 1202 quaestioni
1252 1168 1316 1193 eos
1344 1157 1591 1203 potissimum,
1621 1159 1684 1204 qui

207 1220 498 1265 argumentandi
533 1221 683 1257 initium
717 1221 891 1257 fecerunt
934 1221 980 1257 ab
1010 1220 1234 1258 Alexandro
1270 1232 1373 1267 rege,
1418 1222 1523 1258 cuius
1564 1221 1683 1259 filium

205 1283 371 1321 Babrius
414 1284 572 1321 edocere
614 1285 754 1326 studet,
797 1286 976 1322 tenebras
1020 1285 1223 1322 obduxisse
1256 1289 1361 1322 recte
1395 1290 1525 1322 monet
1558 1286 1683 1323 Bern-

205 1347 386 1394 hmdyus,
417 1359 499 1384 cum
528 1349 876 1394 frequentissimum
905 1349 956 1385 sit
985 1349 1085 1395 apud
1105 1348 1323 1386 Seleucidas
1343 1349 1552 1386 Alexandri
1579 1351 1681 1394 regis

205 1422 340 1449 nomen
353 1412 397 1460 1).

311 1487 519 1525 Videamus
538 1488 666 1535 igitur,
696 1499 793 1535 quae
813 1488 890 1525 sint
910 1492 1136 1534 argumenta
1156 1500 1201 1525 ex
1222 1489 1389 1536 apologis
1409 1489 1501 1536 ipsis
1530 1490 1678 1533 hausta,

207 1551 342 1597 quibus
370 1552 540 1588 nitantur
570 1552 811 1589 coniecturae
840 1552 886 1588 de
915 1552 1049 1588 Babrii
1079 1556 1204 1589 aetate
1234 1553 1370 1597 factae,
1408 1558 1488 1589 tum
1516 1554 1579 1598 qui
1607 1554 1682 1590 sint

206 1616 411 1662 scriptores
430 1615 676 1659 recentiores,
707 1617 770 1661 qui
796 1620 932 1662 poetae
953 1619 1018 1652 aut
1039 1616 1266 1653 mentionem
1285 1616 1446 1654 fecerint
1465 1621 1532 1653 aut
1559 1629 1679 1655 usum.

902 1749 979 1786 ΠΙ.

307 1837 443 1883 ltaque
472 1837 658 1884 imprimis
686 1841 888 1882 utrumque
908 1836 1041 1873 Babrii
1060 1837 1293 1883 prooemium
1313 1837 1420 1873 nobis
1439 1837 1680 1874 tractandum

200 1901 362 1939 videtur.
418 1901 583 1947 Legitur
611 1905 756 1937 autem:

411 1964 522 2013 Γενεὴ
553 1963 696 2002 δικαίων
725 1963 767 2012 ἧν
796 1964 836 2000 τὸ
865 1966 1006 2013 πρῶτον
1036 1964 1250 2014 ἀνθρώπων,

411 2029 439 2065 ὦ
473 2027 616 2079 Βράγχε
645 2027 785 2073 τέκνον,
814 2029 856 2077 ἢν
886 2030 1032 2066 καλοῦσι
1060 2029 1240 2079 χρυσείην.
1274 2060 1281 2066 .
1314 2057 1321 2065 .

412 2092 541 2141 μάθοις
571 2092 599 2130 ‘3'
630 2092 670 2129 ἂν
701 2091 793 2129 οὕτω
823 2091 917 2129 ταῦτ’
949 2094 1079 2142 ἔχοντα
1109 2092 1168 2130 καὶ
1195 2091 1314 2141 γνοίης

412 2157 453 2195 ἐκ
481 2160 542 2194 τοῦ
574 2158 683 2206 σοφοῦ
713 2155 879 2206 γέροντος
906 2157 990 2205 ἡμῖν
1022 2156 1190 2193 Αἰσώπου

413 2221 550 2269 μύθους
579 2219 778 2270 φράσαντος
806 2224 869 2269 τῆς
899 2219 1095 2269 ἐλευθέρας
1125 2219 1270 2268 μούσης.

413 2285 462 2321 ὧν
493 2288 552 2322 νῦν
581 2285 743 2328 ἕκαστον,
774 2284 814 2321 ἂν
844 2283 969 2334 θέλῃς,
1000 2284 1049 2321 ἐνὶ
1078 2284 1203 2333 μνήμῃ

413 2348 619 2397 μελισταγές
648 2364 712 2390 σοι,
745 2350 870 2398 λῷστε,
902 2348 1026 2397 κηρίον
1057 2348 1158 2397 θήσω

412 2417 546 2462 πικρῶν
576 2413 713 2462 ἰάμβων
743 2412 881 2462 σκληρά
910 2415 1011 2449 κῶλα.
1041 2411 1206 2460 θηλυνας.

298 2535 326 2579 ¹)
353 2533 644 2569 Gutschmidtius
682 2533 821 2573 (Fleck.
862 2544 946 2567 ann.
989 2534 1087 2567 1863.
1126 2543 1159 2576 p.
1192 2533 1287 2575 323.)
1342 2530 1501 2565 Branchi
1538 2533 1678 2575 patrem

202 2591 316 2627 fuisse
357 2592 497 2627 iudicat
537 2591 789 2627 Alexandrum
832 2591 1099 2635 Theopatorem
1148 2589 1374 2633 Euergeten,
1422 2588 1678 2624 Lachmannus

201 2650 470 2693 Alexandrum,
512 2650 715 2685 Alexandri
758 2649 913 2684 Herodis
956 2649 1021 2682 filii
1064 2650 1251 2692 nepotem,
1298 2658 1423 2691 regem
1465 2646 1616 2682 Issiadis
1658 2658 1680 2681 a

202 2707 432 2752 Vespasiano
460 2708 710 2743 constitutum.
1405 2751 1442 2785 1*
