1986 3223
893 230 1116 267 -12-

284 340 373 387 quin
401 344 527 388 poeta,
561 340 594 378 si
621 340 756 378 fuisset
785 340 994 383 Romanus,
1030 339 1180 377 laudem
1209 340 1361 386 generis
1391 339 1587 377 cuiusdam
1615 337 1761 375 fabula-

283 415 367 442 rum
408 405 554 443 inventi
586 416 655 442 suo
689 405 829 452 populo
863 404 1158 449 haudquaquam
1202 408 1403 451 erepturus
1446 402 1575 442 fuerit.
1628 401 1764 449 Neque

285 469 382 521 enim
402 468 568 506 Babrius
588 471 664 506 tam
695 468 829 506 inflato
858 470 1031 506 uteretur
1061 468 1198 513 animo,
1228 468 1261 504 si
1290 468 1395 505 nulla
1423 468 1502 505 alia
1527 477 1572 504 re
1598 466 1765 514 palmam

284 533 496 581 petivisset,
514 533 585 569 nisi
601 532 700 579 quod
716 531 866 569 fabulas
883 533 958 569 iam
983 535 1097 569 antea
1116 532 1305 579 expolitas
1325 532 1470 578 primus
1490 530 1765 578 composuisset

285 597 518 635 choliambis.
574 596 678 642 Quae
722 596 754 633 si
798 596 853 632 ita
887 599 997 640 sunt,
1031 595 1116 632 fieri
1145 605 1219 632 non
1249 598 1388 642 potest,
1417 598 1460 632 ut
1488 594 1624 632 Crusio
1651 594 1765 631 fidem

284 660 491 699 habeamus
518 660 706 697 Babrium
734 660 854 698 fuisse
884 660 1039 697 natione
1059 659 1286 704 Romanum,
1317 659 1381 705 qui
1403 658 1594 697 floruisset
1611 658 1763 696 saeculo

286 729 374 773 post
401 724 490 763 Chr.
521 736 556 762 n.
586 724 713 762 tertio.

992 857 1062 895 IX.

392 926 476 971 Iam
505 944 595 973 vero
623 934 791 980 reliquas
821 921 954 971 cau-sas
989 944 1119 971 eorum
1154 934 1448 981 perlustremus,
1491 933 1555 979 qui
1584 931 1769 970 Babriufn

286 997 402 1035 fuisse
436 999 647 1035 Romanum
682 999 837 1036 natione
849 998 877 1046 1)
922 998 1188 1035 demonstrare
1231 1001 1430 1034 conantur.
1487 996 1559 1034 Cui
1600 996 1769 1044 opinioni

285 1063 422 1100 stabile
450 1063 740 1100 fundamentum
771 1063 881 1099 condi
910 1062 1098 1109 putabant
1136 1062 1434 1099 choliamborum
1469 1061 1634 1108 legibus,
1676 1071 1769 1107 quas

285 1127 454 1164 Babrius
495 1127 755 1164 Romanorum
800 1130 921 1163 artem
963 1126 1160 1162 metricam
1203 1128 1356 1162 secutus
1398 1124 1471 1162 sibi
1513 1125 1764 1172 imposuisset.

287 1191 410 1237 Quare
430 1191 551 1228 denuo
571 1191 644 1228 hae
662 1201 724 1227 res
744 1190 837 1227 mihi
856 1190 1135 1237 perquirendae
1155 1190 1346 1232 videntur,
1376 1189 1527 1226 etiamsi
1545 1189 1766 1237 nuperrime

287 1268 309 1292 a
343 1255 607 1293 Maximiliano
642 1255 735 1292 Fico
748 1255 779 1303 2)
822 1266 969 1293 summa
1012 1254 1216 1300 industria,
1261 1254 1326 1291 sed
1368 1265 1444 1290 non
1486 1264 1636 1301 semper
1676 1263 1767 1291 sano

283 1319 427 1357 ¹iudicio
474 1324 564 1357 sunt
604 1322 808 1356 tractatae.
867 1318 991 1356 Valde
1035 1322 1162 1355 autem
1204 1317 1420 1355 mirandum
1462 1321 1536 1364 est,
1581 1317 1680 1364 quod
1721 1317 1769 1354 ad

288 1384 582 1422 choliamborum
632 1383 868 1421 Graecorum
916 1383 1105 1420 rationem
1153 1383 1452 1430 pernoscendam
1498 1382 1545 1419 ab
1593 1382 1768 1419 omnibus

287 1449 392 1486 tituli
420 1452 510 1485 sunt
536 1448 715 1495 neglecti.
773 1447 912 1493 Itaque
941 1458 1066 1484 meum
1094 1457 1175 1484 esse
1204 1447 1473 1493 inscriptiones
1502 1446 1770 1484 choliambicas

289 1523 496 1559 congerere
544 1512 757 1549 arbitratus
798 1512 869 1548 hoc
910 1512 994 1549 loco
1042 1511 1298 1556 conscribam,
1347 1514 1599 1557 quotcumque
1641 1510 1770 1548 multis

286 1577 428 1614 libellis
449 1576 641 1623 dispersas
662 1576 844 1622 colligere
864 1575 955 1612 mihi
977 1575 1150 1622 contigit,
1180 1578 1223 1611 ut
1242 1575 1320 1611 sint
1339 1575 1448 1620 quasi
1469 1575 1771 1612 additamentum

288 1642 369 1679 eius
396 1640 580 1678 Meinekii
614 1640 723 1685 libri,
768 1640 831 1686 qui
874 1644 933 1677 est
976 1639 1021 1676 de
1058 1638 1296 1676 Graecorum
1339 1639 1462 1686 poesis
1499 1639 1772 1676 choliambicae

289 1705 474 1752 reliquiis.

394 1771 560 1808 Restant
587 1769 708 1815 igitur
736 1769 775 1805 hi
804 1768 908 1805 tituli
937 1768 1200 1805 choliambici:

400 1847 470 1895 l.3)
505 1843 717 1895 Σωτηρίχαν
748 1858 793 1892 με
821 1843 954 1893 τύμβος
983 1842 1128 1886 ἐνθάδε,
1161 1842 1260 1886 ξεῖνε,

501 1908 604 1950 οὗτος
632 1907 814 1947 καλύπτει.
845 1907 895 1948 ὣς
922 1907 987 1957 γὰρ
1017 1907 1150 1956 ἤθελεν
1180 1906 1318 1956 δαίμων

500 1973 573 2023 τρὶς
602 1972 689 2011 δέκα
717 1971 914 2023 παρασχὼν
945 1971 1027 2009 ’ἐτεά
1059 1986 1119 2020 μοι
1149 1970 1258 2019 μόνον
1289 1972 1404 2020 ζῆσαι.

396 2049 468 2099 24)
498 2049 541 2087 ‘O
571 2049 710 2090 κλεινὸς
735 2049 799 2090 ἶνις
828 2048 1002 2099 βασιλέων
1025 2047 1263 2096 Ἀμάζασπος

501 2113 519 2151 ὁ
550 2113 771 2164 Μιθριδάτου
800 2113 974 2163 βασιλέως
1002 2112 1223 2161 κασίγνητος·

388 2243 414 2285 ¹)
440 2240 754 2287 Frequentissime
793 2240 978 2275 Romanos
1012 2249 1157 2285 quoque
1189 2237 1345 2273 fabellas
1380 2237 1594 2273 adhibuisse
1631 2238 1776 2272 constat

292 2299 336 2335 ef.
363 2300 455 2335 ΕΒΗ.
483 2299 581 2344 apud
607 2298 701 2334 Gen.
726 2309 761 2334 n.
787 2298 865 2333 Att.
885 2299 917 2341 2,
937 2299 993 2333 29.
1018 2297 1133 2332 Lucil.
1161 2290 1203 2332 fr.
1223 2298 1303 2332 77s.
1353 2295 1479 2331 Horat.
1507 2297 1576 2332 sat.
1602 2296 1635 2339 2,
1662 2297 1694 2339 6,
1719 2297 1776 2330 77.

293 2358 400 2403 epist.
425 2358 454 2402 I,
483 2360 514 2400 1,
539 2359 595 2393 73.
622 2358 655 2401 3,
686 2358 738 2392 19.
758 2347 798 2400 ’7,
824 2357 883 2392 29.
911 2357 966 2400 10,
991 2357 1047 2391 34.
1079 2357 1133 2398 17,
1160 2356 1216 2390 50.
1242 2356 1310 2389 art.
1338 2356 1434 2399 poet.
1466 2355 1541 2390 139.
1571 2352 1675 2390 Ovid.
1693 2352 1776 2389 fast.

292 2418 326 2460 4,
352 2418 431 2452 700.
457 2415 578 2450 Plaut.
606 2414 701 2450 Rud.
727 2414 769 2459 V,
797 2416 828 2458 2,
855 2415 911 2450 39.
937 2414 1012 2449 Liv.
1042 2415 1073 2455 2,
1100 2415 1157 2448 32.
1185 2413 1317 2448 Juven.
1342 2413 1371 2457 I,
1399 2414 1432 2456 2,
1457 2414 1516 2448 63.
1543 2422 1572 2447 e.
1599 2422 1630 2448 c.

389 2475 417 2519 ²)
443 2474 540 2519 apud
565 2473 834 2509 Rossbachium
861 2474 898 2508 et
915 2472 1193 2517 Westphalium,
1220 2470 1356 2506 Metrik
1382 2470 1415 2506 d.
1436 2470 1497 2507 Gr.
1525 2472 1559 2514 3,
1585 2471 1617 2505 2.
1644 2479 1678 2514 p.
1697 2470 1775 2506 820.

294 2543 324 2568 e.
352 2543 397 2576 s.;
425 2531 589 2567 eiusdem
614 2531 925 2574 dissertationem,
954 2540 1065 2576 quam
1093 2540 1131 2564 se
1159 2529 1411 2565 confecturum
1437 2528 1481 2564 de
1506 2528 1631 2564 Babrii
1656 2529 1777 2564 aetate

293 2591 473 2636 promisit,
498 2590 637 2625 frustra
661 2589 883 2625 desideravi.

389 2649 418 2691 ⁸)
443 2647 486 2683 cf.
513 2647 655 2684 Kaibel.
683 2648 798 2693 epigr.
826 2658 857 2683 e.
884 2647 907 2681 l.
937 2646 1019 2682 coll.
1045 2657 1124 2681 nro.
1153 2647 1233 2681 276.

391 2709 417 2751 ⁴)
443 2706 488 2743 cf.
513 2706 661 2742 Kaibel.
686 2717 765 2741 nro.
793 2707 874 2742 549.
922 2705 1104 2750 Meineke,
1130 2704 1192 2741 Gr.
1219 2707 1321 2750 poes.
1347 2704 1441 2740 chol.
1466 2703 1533 2740 rel.
1559 2714 1594 2749 p.
1624 2704 1701 2738 173.
