1986 3223
880 280 1133 318 „10.-

545 389 583 425 in
614 389 689 426 fab.
749 391 810 427 94.
843 388 1020 437 στόματος
1049 391 1189 437 legitur
1219 403 1286 438 pro
1316 390 1483 441 φάρυγος,

553 481 569 496 ,,
631 481 647 496 „
717 454 802 490 122.
835 453 1011 502 ἀναιδείης
1096 484 1114 501 7,
1236 484 1251 499 ,,
1310 456 1419 505 ἀνίης,

553 544 569 560 „
635 545 650 559 „
745 517 806 555 32.
835 516 957 566 κλίνης
1095 546 1111 561 „
1234 547 1250 563 ,,
1308 520 1440 569 κοίτης,

553 609 571 627 „
638 608 654 622 ,
743 582 805 618 95.
836 580 970 631 σάρκας
1096 611 1111 626 „
1233 611 1249 627 „
1308 585 1438 631 ἔγκατα
1468 595 1498 622 e.
1522 596 1550 623 c.

262 653 423 700 Talique
452 655 560 692 modo
591 656 818 693 fabellarum
847 657 939 694 ordo
969 658 1009 694 in
1038 658 1165 695 codice
1194 658 1264 703 A.,
1311 660 1375 705 qui
1410 661 1580 707 sequitur
1608 663 1742 699 seriem

261 718 494 763 litterarum,
523 731 598 757 non
629 732 651 757 a
678 720 822 758 Babrio
858 721 941 768 ipso
978 722 1176 768 profectus
1211 734 1292 760 esse
1334 724 1427 761 mihi
1470 725 1633 772 videtur,
1678 727 1744 764 sed

265 793 288 819 a
316 783 395 819 ludi
423 784 582 829 quodam
604 785 796 832 magistro,
829 785 893 832 qui
912 786 1070 833 insuper
1090 786 1192 824 haud
1212 798 1302 824 raro
1323 788 1496 835 apologis
1522 790 1744 828 stultissime

262 847 387 885 affixit
415 848 632 896 epimythia.

952 984 1045 1023 VH.

366 1057 449 1094 Iam
477 1069 567 1095 vero
596 1059 823 1096 accedamus
851 1060 900 1097 ad
928 1061 1044 1098 aliam
1072 1072 1165 1099 rem.
1214 1063 1248 1098 A
1269 1063 1398 1100 multis
1418 1064 1514 1101 enim
1536 1064 1744 1112 philologis

262 1121 446 1158 Babrium
476 1121 591 1159 fuisse
620 1123 809 1161 hominem
837 1124 1053 1162 Romanum
1084 1126 1337 1171 contenditur,
1368 1139 1465 1173 quae
1487 1129 1612 1176 opinio
1633 1140 1679 1167 ex
1700 1140 1744 1167 ea

260 1196 301 1222 re
330 1189 417 1223 orta
445 1197 526 1223 esse
555 1187 645 1223 mihi
674 1187 840 1233 videtur,
871 1189 969 1235 quod
998 1190 1036 1226 in
1067 1190 1197 1227 codice
1225 1190 1275 1227 A.
1306 1192 1514 1229 invenitur:

508 1259 709 1313 Βαλεβρίου
740 1263 939 1313 μυθίαμβοι
967 1265 1160 1303 Αἶσώπειοι
1188 1266 1280 1304 κατὰ
1308 1270 1495 1318 στοιχεῖον·

508 1326 621 1377 στίχοι
648 1329 897 1378 χωλιαμβικοί.

265 1405 304 1439 et
331 1402 371 1439 in
399 1403 528 1440 codice
555 1403 778 1451 Harleiano‚
811 1405 875 1450 qui
902 1405 1037 1442 Babrii
1067 1406 1286 1444 fabularum
1315 1408 1579 1455 paraphrases,
1616 1414 1659 1446 ut
1686 1409 1744 1446 ita

261 1466 394 1513 dicam,
425 1468 602 1514 praebet:

1106 1533 1262 1584 Βαβρίου

455 1594 632 1646 Βαλερίου
663 1597 902 1647 χωριαμβικοὶ
930 1596 1043 1648 στίχοι
1071 1597 1113 1636 ἐκ
1140 1602 1212 1636 τῶν
1244 1599 1417 1637 Αἰσώπου
1447 1599 1585 1648 μύθων.

368 1661 496 1708 Quare
524 1661 634 1697 multi
663 1661 808 1698 inducti
837 1661 933 1699 alias
961 1666 1165 1708 praeterea
1194 1674 1339 1708 causas,
1370 1665 1416 1702 de
1447 1666 1583 1711 quibus
1611 1670 1745 1713 postea

262 1724 551 1771 disputabimus,
583 1726 831 1771 quaerebant,
861 1726 961 1763 unde
981 1726 1166 1764 Babrium
1187 1728 1306 1765 fuisse
1324 1728 1538 1767 Romanum
1565 1731 1744 1777 cognosci

259 1795 400 1836 posset.

365 1854 426 1890 Ac
453 1853 617 1900 primum
647 1853 800 1900 quidem
829 1865 849 1892 e
877 1855 1045 1902 nomine,
1085 1856 1183 1902 quod
1219 1857 1364 1903 legitur
1401 1858 1440 1894 in
1469 1858 1662 1896 codicibus
1689 1858 1739 1895 A.

260 1920 298 1954 et
325 1917 391 1963 H„
419 1918 647 1964 praesertim
677 1929 760 1955 cum
789 1929 812 1955 a
841 1919 980 1956 Tzetze
1010 1920 1145 1957 Babrii
1181 1921 1242 1958 vel
1278 1921 1444 1958 Babriae
1486 1933 1621 1959 nomen
1663 1925 1741 1960 tra-

261 1981 385 2028 datur,
430 1983 530 2028 quod
570 1987 730 2029 propter
771 1986 935 2020 metrum
978 1984 1121 2030 corrigi
1156 1996 1232 2022 non
1267 1986 1398 2033 possit,
1443 1987 1538 2023 nihil
1569 1987 1742 2024 concludi

259 2056 370 2092 posse
417 2046 510 2083 mihi
558 2047 722 2085 videtur.
792 2048 890 2094 Quid
938 2049 1038 2085 enim
1087 2049 1253 2086 mi1·um⁶.>
1322 2050 1521 2087 Facillime
1574 2051 1674 2088 enim
1720 2063 1741 2088 e

259 2107 474 2147 BABPIOY
502 2110 586 2148 fieri
614 2114 767 2158 poterat
796 2109 1064 2157 ΒΑΛΕΡΙΟΥ,
1102 2113 1201 2158 quod
1237 2114 1413 2151 mendum
1442 2126 1465 2151 a
1493 2115 1742 2162 manuscript-i

259 2176 486 2219 correctore,
516 2178 560 2211 ut
588 2179 673 2212 erat
700 2187 792 2221 mos,
830 2177 887 2213 ita
916 2176 1086 2213 videmus
1123 2177 1304 2221 deletum,
1348 2182 1392 2215 ut
1433 2189 1563 2216 verum
1604 2191 1741 2217 nomen

259 2235 416 2287 Βαβρίου
445 2249 562 2285 supra
590 2251 742 2277 versum
771 2240 954 2286 scriptum
983 2251 1050 2277 suo
1080 2241 1164 2278 loco
1185 2241 1454 2288 depelleretur.
1495 2243 1576 2289 Quo
1597 2243 1739 2281 factum

259 2306 330 2346 est,
358 2306 402 2339 ut
429 2306 563 2349 postea
596 2304 856 2350 appellaretur
884 2308 999 2350 poet-a
1027 2305 1209 2343 Valerius
1239 2306 1411 2343 Babrius.
1469 2307 1649 2353 Quodque
1677 2319 1740 2345 ex-

259 2365 364 2402 hibet
398 2366 517 2403 codex
545 2366 779 2403 Harleianus
810 2365 1001 2418 Βαλερίου,
1037 2380 1112 2406 non
1142 2380 1224 2407 esse
1254 2369 1451 2407 Valerium
1480 2382 1501 2407 e
1530 2371 1658 2408 codice
1687 2371 1738 2408 A.

260 2429 386 2466 elucet
404 2430 612 2476 praebente
630 2429 840 2480 Βαλεβρίου,
857 2432 957 2478 quod
977 2436 1197 2480 corruptum
1215 2445 1297 2471 esse
1315 2445 1335 2471 e
1350 2432 1547 2484 Βαλε[ριόυ
1564 2433 1739 2485 Βα]βρίου

257 2504 379 2539 neque
407 2493 566 2532 Crusius
577 2494 607 2543 ¹)
636 2506 757 2541 neque
777 2496 1072 2534 Rutherfordius
1101 2498 1193 2534 mihi
1222 2502 1507 2545 persuaserunt.
1557 2499 1621 2537 Ita
1641 2500 1740 2536 enim

257 2568 337 2594 rein
367 2558 609 2604 cogitandam
639 2571 720 2596 esse
749 2561 941 2598 censuisse
971 2561 1162 2607 videntur,
1192 2566 1236 2599 ut
1262 2574 1331 2609 per
1351 2563 1587 2610 syllabarum
1607 2564 1738 2601 simili-

261 2622 430 2660 tudinem
461 2623 644 2660 librarius
672 2624 791 2662 oculis
821 2625 1003 2672 deceptus
1032 2636 1054 2663 a
1082 2625 1176 2675 -ρίου
1207 2628 1405 2664 aberraret
1434 2628 1484 2665 ad
1511 2627 1639 2677 -βρίου,

354 2755 380 2799 1)
408 2754 531 2800 Leipz,
557 2755 712 2791 Studien
741 2758 841 2792 1879.
885 2768 919 2802 p.
949 2759 1027 2793 192.
