1986 3223
874 232 1133 269 -13-

366 345 529 383 Babrius
558 349 685 383 autem
714 345 774 382 his
807 345 979 382 versibus
1007 344 1063 381 ita
1096 344 1283 388 abundat,
1328 349 1370 382 ut
1399 345 1572 382 consulto
1601 345 1739 392 pedum

259 410 376 448 ictum
405 421 489 448 cum
518 411 719 448 verborum
750 413 909 447 accentu
939 408 1162 446 conexuisse
1190 409 1368 446 videatur
1382 409 1423 457 ¹).

364 487 470 525 Inter
489 486 627 524 Babrii
648 496 780 524 versus
799 485 912 530 1425,
943 485 1006 532 qui
1026 485 1135 522 nobis
1154 485 1289 522 traditi
1308 490 1408 529 sunt.
1439 485 1594 523 circiter
1612 485 1665 522 84
1682 485 1739 523 ita

258 552 429 599 percussi
457 555 562 595 sunt,
606 555 650 588 ut
678 550 815 597 pedum
845 551 945 587 ictus
986 552 1174 595 congruat
1215 560 1299 586 cum
1335 549 1535 587 verborum
1564 553 1737 588 accentu.

256 616 373 663 Apud
391 615 688 663 Hipponactem,
718 625 764 652 ex
785 625 857 660 quo
878 614 1033 652 circiter
1057 613 1130 651 150
1152 624 1284 651 versus
1303 617 1465 658 restant,
1486 614 1586 651 tales
1605 625 1738 652 versus

255 680 437 727 leguntur
464 683 609 728 septem
621 680 665 728 ²).
722 679 824 717 Utut
851 690 913 716 res
941 690 982 716 se
1010 678 1144 722 habet,
1180 677 1219 715 id
1247 678 1399 724 quidem
1436 678 1648 725 negandum
1678 682 1737 716 est

255 744 392 782 Babrii
411 748 533 782 artem
553 745 750 782 metricam
770 743 986 790 comparari
1004 753 1118 790 posse
1138 753 1221 780 cum
1241 742 1544 791 Byzantinorum
1563 743 1737 780 versibus

254 809 439 856 politicis,
483 809 548 855 qui
582 809 689 845 nulla
733 808 810 845 alia
844 807 992 844 ratione
1035 807 1306 845 contineantur
1346 818 1459 853 quam
1501 806 1737 854 syllabarum

253 885 422 912 numero.
478 874 625 921 Nempe
653 883 796 920 versus,
829 873 892 919 qui
928 875 1113 909 vocantur
1140 871 1306 921 politici,
1350 871 1549 909 duodecim
1577 871 1736 919 syllabis

254 938 453 986 compositi
482 942 581 981 sunt,
612 938 668 974 ita
687 941 827 981 tamen,
849 940 892 974 ut
917 936 1154 984 paenultima
1174 946 1345 982 quaeque
1363 936 1507 973 habeat
1525 938 1734 974 accentum.

254 1003 412 1041 Crusius
440 1007 567 1040 autem
598 1002 808 1050 dactylicos
837 1001 922 1039 illos
950 1004 1103 1048 poetas,
1141 1011 1301 1047 quorum
1331 1004 1446 1048 caput
1475 1003 1532 1038 est
1561 1000 1733 1044 Nonnus,

253 1067 528 1114 comparandos
558 1066 731 1113 adhibet,
776 1077 860 1104 cum
889 1065 1051 1102 similem
1089 1075 1265 1102 versuum
1295 1064 1639 1102 concludendorum
1668 1076 1734 1102 ra-

251 1132 392 1169 tionem
418 1131 539 1169 secuti
559 1131 633 1169 sint
655 1134 769 1177 atque
788 1130 963 1167 Babrius.
1013 1129 1087 1167 Sed
1115 1130 1186 1167 hac
1205 1140 1250 1166 ex
1270 1140 1313 1167 re
1333 1129 1428 1166 nihil
1447 1129 1569 1167 conici
1595 1133 1733 1177 potest,

251 1207 335 1235 cum
365 1203 405 1234 et
432 1196 590 1235 Crusius
619 1196 700 1243 ipse
727 1195 913 1232 Babrium
942 1205 965 1231 a
990 1194 1128 1232 Nonno
1158 1194 1339 1231 recedere
1369 1193 1605 1240 confiteatur,
1635 1193 1734 1240 quod

252 1259 336 1309 μέν,
367 1259 426 1304 δέ,
463 1258 547 1310 γάρ,
579 1260 676 1297 alias
708 1259 919 1306 particulas
948 1258 1048 1306 apud
1081 1262 1216 1305 poetas
1249 1258 1475 1306 dactylicos,
1511 1258 1574 1304 qui
1602 1258 1733 1304 quinto

250 1329 336 1373 post
370 1324 458 1362 Chr.
502 1335 536 1361 n.
582 1324 734 1362 saeculo
778 1322 1006 1369 floruerunt,
1050 1323 1122 1360 hoc
1163 1323 1246 1360 loco
1288 1322 1616 1368 frequentissimas
1657 1334 1733 1361 non

249 1390 448 1428 admiserit
475 1390 514 1427 in
544 1390 687 1427 exitum
707 1393 746 1426 et
765 1389 941 1426 Nonnum
962 1387 1095 1425 Babrii
1115 1388 1267 1425 fabulas
1287 1388 1520 1425 hexametris
1538 1388 1731 1425 imitatum

248 1467 330 1494 esse
359 1456 461 1492 inter
490 1466 619 1492 omnes
648 1458 808 1492 constet.

354 1531 430 1569 Sed
472 1531 521 1568 ad
550 1531 646 1568 alias
674 1541 735 1568 res
777 1530 956 1567 metricas
991 1529 1258 1576 procedamus,
1304 1528 1403 1565 unde
1432 1528 1615 1565 Babrium
1656 1539 1731 1567 non

246 1597 519 1641 Romanorum,
549 1596 615 1633 sed
644 1596 880 1633 Graecorum
910 1594 1294 1641 choliambographos
1322 1593 1493 1640 quamvis
1522 1604 1591 1630 sua
1619 1603 1729 1631 usum

246 1662 393 1699 ratione
422 1661 639 1698 adhibuisse
669 1663 866 1708 appareat.

351 1737 412 1775 De
431 1737 684 1785 spondeorum
712 1747 783 1774 usu
813 1735 914 1783 apud
933 1735 1128 1773 Romanos
1157 1734 1316 1772 Caesius
1335 1734 1480 1771 Bassus
1501 1734 1597 1771 haec
1617 1733 1726 1770 dicit:

249 1803 334 1846 „hic
362 1813 498 1840 scazon
527 1802 713 1849 pessimus
743 1801 834 1845 erit,
878 1800 943 1848 pui
972 1800 1152 1837 habuerit
1188 1799 1304 1836 alium
1333 1799 1464 1845 quinto
1500 1799 1585 1836 loco
1613 1809 1728 1844 quam

244 1868 427 1910 iambum;
459 1877 531 1913 quo
552 1870 681 1903 tamen
710 1866 790 1903 sine
819 1865 1002 1912 religione
1030 1875 1119 1901 usus
1148 1867 1206 1901 est
1224 1863 1473 1911 Hipponax“;
1505 1873 1617 1909 quam
1645 1873 1727 1900 rem

244 1932 436 1969 Lucianus
465 1931 675 1968 Muellerus
706 1930 767 1979 (de
787 1941 828 1967 re
849 1932 958 1967 metr.
989 1933 1090 1976 poet.
1121 1929 1230 1966 latin.
1260 1940 1295 1975 p.
1329 1928 1436 1974 149.)
1464 1928 1521 1965 ita
1541 1928 1723 1974 explicat:

246 1997 325 2044 „[in
350 1997 612 2034 Romanorum
642 1994 897 2042 scazontibus]
934 1994 1068 2031 ultimo
1098 1993 1264 2040 spondeo
1302 1993 1530 2030 antecedere
1558 1993 1726 2029 iambum

242 2062 302 2098 vel
332 2061 459 2108 pueris
488 2064 636 2105 notum,
666 2060 764 2097 hanc
791 2070 962 2096 normam
993 2058 1093 2105 apud
1127 2058 1287 2095 Latinos
1315 2058 1390 2094 iam
1420 2058 1467 2094 ab
1497 2057 1608 2094 initio
1637 2056 1726 2093 inde

241 2128 445 2163 servarunt
464 2125 640 2162 Catullus
661 2129 700 2162 et
726 2124 905 2170 aequales
931 2127 1103 2169 excepto,
1133 2126 1175 2159 ut
1202 2122 1365 2167 videtur,
1398 2121 1581 2159 Varrone.
1613 2132 1724 2168 prae-

241 2196 348 2227 terea
376 2190 513 2227 ultima
542 2193 672 2227 aetate
702 2189 863 2226 Boethio
893 2191 979 2234 post
1008 2198 1125 2224 annos
1145 2186 1217 2224 DC
1245 2186 1503 2232 redintegrari
1533 2185 1722 2223 Varronis

239 2254 434 2291 licentiam
455 2258 534 2290 tam
563 2258 710 2291 certum
736 2264 848 2300 quam
877 2252 1014 2289 mirum
1033 2252 1130 2289 est.''
1179 2251 1347 2288 Babrius
1377 2254 1503 2287 autem
1529 2260 1605 2287 non
1633 2261 1721 2287 raro

239 2319 445 2366 spondeum
475 2319 514 2355 in
544 2319 675 2365 quinto
705 2318 802 2365 pede
830 2316 999 2365 habet3).

334 2500 360 2543 l)
387 2498 429 2533 cf.
458 2500 491 2542 2,
510 2501 541 2534 6.
570 2500 676 2542 3,10.
704 2500 736 2543 5,
757 2500 787 2534 6.
821 2499 854 2543 7,
873 2499 904 2534 6.
934 2501 987 2541 11,
1006 2499 1039 2532 4.
1069 2501 1121 2541 11,
1144 2498 1175 2532 5.
1207 2498 1259 2541 12,
1278 2498 1309 2531 6.
1345 2498 1399 2540 14,
1418 2497 1450 2531 3.
1480 2496 1533 2539 15,
1551 2497 1583 2530 4.
1615 2496 1669 2539 17,
1687 2495 1719 2529 6.

242 2559 294 2601 18,
309 2559 339 2593 8.
370 2559 470 2602 19,7.
496 2558 552 2601 29,
566 2560 598 2592 4.
626 2559 731 2601 31,9.
757 2558 814 2601 32,
828 2558 861 2593 3.
887 2558 943 2601 33,
960 2558 1014 2591 24.
1042 2558 1101 2601 34,
1116 2557 1146 2591 S.
1175 2556 1230 2600 34,
1246 2556 1277 2590 9.
1304 2557 1433 2599 34,11.
1461 2555 1588 2599 37,10.
1616 2554 1671 2597 38,
1686 2553 1718 2588 5-

237 2616 293 2659 38,
312 2617 343 2650 6.
370 2616 427 2659 43,
445 2617 476 2650 4.
503 2617 562 2659 43,
580 2617 610 2651 6.
639 2626 668 2650 e.
695 2626 724 2650 c.

331 2674 358 2717 2>
386 2673 429 2708 cf.
458 2676 488 2718 1,
506 2675 539 2709 3.
569 2675 622 2717 13,
641 2676 673 2709 2.
700 2675 757 2718 22,
776 2675 808 2709 6.
834 2675 891 2718 46,
909 2675 941 2709 3.
970 2674 1026 2717 57,
1043 2676 1077 2708 4.
1104 2674 1160 2716 58,
1182 2676 1208 2708 1.
1237 2673 1292 2707 85.

331 2732 355 2776 ³)
383 2731 427 2767 cf.
454 2734 510 2777 22,
529 2734 560 2768 9.
588 2734 643 2776 39,
661 2736 694 2767 4.
721 2734 777 2776 45,
796 2734 829 2767 3.
858 2733 913 2776 53,
932 2734 964 2767 4.
995 2734 1051 2775 70,
1071 2733 1102 2766 6.
1130 2733 1196 2766 etc.
