1986 3223
828 204 1085 239 —19-

324 315 406 353 Nec
426 316 548 352 minus
567 319 859 362 anapaestorum
881 316 991 362 copia
1010 315 1169 352 recessit
1188 326 1211 352 a
1230 315 1426 363 Romanis,
1457 327 1528 363 quo
1549 317 1691 354 factum

219 385 287 425 est,
315 384 358 417 ut
385 379 494 416 multi
523 379 657 416 Babrii
687 379 851 417 editores
879 379 985 426 leges
1013 380 1193 417 metricas
1221 379 1478 418 Romanorum
1507 381 1692 418 Babrium

218 445 290 482 sibi
317 444 541 491 imposuisse
576 443 755 480 arbitrati
785 447 1014 490 anapaestos
1043 447 1203 490 excepta
1237 444 1361 490 prima
1388 455 1568 482 versuum
1603 446 1692 482 sede

217 519 237 545 e
256 508 389 545 Babrii
416 507 584 554 apologis
604 507 795 555 expellere
817 508 1090 556 conarentur1).
1139 508 1194 545 Ut
1214 509 1397 555 exemplis
1416 512 1516 556 utar,
1546 509 1690 555 legitur

216 577 255 610 et
282 572 321 609 in
351 572 429 609 cod.
460 571 511 609 A.
542 575 581 609 et
611 572 710 618 apud
737 571 892 609 Suidam
922 572 1016 620 (fab.
1048 574 1108 616 10.
1141 571 1236 619 12.):
1267 571 1492 623 κεχόλωμαι;
1523 573 1692 610 correxit

214 636 477 674 Eberhardius
518 635 689 682 κοταίνω,
732 636 948 673 Meinekius
976 637 1167 686 χολοῦμαι.
1224 636 1271 674 cf.
1303 637 1379 675 fab.
1409 638 1471 681 22,
1505 638 1565 676 12.
1594 637 1691 676 Οοᾶ.

212 701 262 738 Α.
291 700 468 748 praebet:

547 764 683 813 ἔθηκαν
713 762 845 812 ἑκάστη
875 765 945 801 τῶν
973 766 1106 815 τριχῶν
1135 763 1356 802 ἀποσπῶσαι.

212 840 308 878 Mihi
324 841 486 888 quidem,
507 852 591 878 cum
612 841 733 878 altero
753 840 849 887 pede
865 840 1043 878 ferendos
1062 851 1143 878 esse
1164 844 1389 887 anapaestos
1409 851 1478 878 usu
1496 841 1688 878 Babriano

213 907 479 953 comprobetur
525 904 588 954 (cf.
632 905 709 942 fab.
755 905 816 949 57,
841 907 874 942 6.
912 905 974 949 69,
996 906 1031 943 2.
1063 904 1123 947 75,
1147 906 1180 942 6.
1212 904 1356 949 75,15.
1389 905 1450 949 76,
1475 904 1534 941 12.
1566 905 1628 949 88,
1650 906 1686 944 8.

212 970 274 1015 88,
298 971 357 1006 17.
381 969 482 1018 eto),
512 969 752 1007 scribendum
772 969 934 1016 videtur,
967 969 1055 1015 quia
1075 968 1314 1006 desideratur
1339 980 1473 1006 nomen
1502 969 1593 1014 eius,
1622 969 1686 1015 qui

210 1033 253 1070 fit
280 1034 402 1071 nudus
432 1034 597 1080 capillis:

352 1097 488 1147 ἔθηκαν
519 1097 669 1147 ἐραστήν
700 1101 769 1134 etc.

211 1162 258 1200 ef.
279 1163 458 1209 paraphr.
479 1162 607 1199 Halm.
626 1162 709 1200 56.:
730 1160 878 1210 γέροντα
897 1159 1048 1210 ἐραστὴν
1068 1161 1162 1211 ἔχειν
1182 1160 1244 1201 τὰς
1263 1159 1387 1201 πολιὰς
1407 1159 1514 1198 αὐτοῦ
1531 1158 1684 1207 ἀπέσπα,

209 1226 385 1265 Nauckio
414 1226 527 1274 (Mus.
557 1226 680 1263 Rhen.
713 1226 747 1267 6,
770 1224 895 1273 630.);

490 1295 606 1345 ἔθηκ’,
637 1294 688 1332 ἀν’
721 1294 875 1344 ἑκάστην
903 1296 975 1331 τῶν
1003 1296 1136 1345 τριχῶν
1165 1293 1373 1330 ἀποσπῶσα.

313 1366 580 1414 Anapaestum
609 1365 710 1412 apud
729 1365 1015 1412 Hipponactem
1044 1375 1125 1401 esse
1153 1364 1363 1401 inauditum
1389 1363 1550 1401 Crusius
1578 1364 1682 1410 dicit,

209 1442 433 1479 quamquam
461 1431 624 1477 legimus
651 1430 720 1467 hos
748 1440 898 1466 versus:

486 1493 634 1545 Κριτίης
663 1493 681 1530 ὃ
712 1493 800 1534 Χῖος
829 1493 865 1530 ἐν
894 1494 946 1543 τῷ
975 1493 1192 1542 κατωπτικῷ
1221 1491 1350 1541 δούλῳ.

207 1566 245 1598 et
485 1560 503 1596 ὁ
533 1558 720 1608 Κιθαίρων
751 1557 929 1595 Λυδίοισιν
959 1557 996 1594 ἐν
1024 1559 1146 1608 χοροῖς
1175 1554 1334 1606 βάκχων.

206 1625 369 1663 Etiamsi
397 1625 539 1672 primas
557 1625 693 1661 horum
712 1634 889 1661 versuum
918 1622 1027 1660 sedes
1054 1633 1129 1659 non
1158 1633 1239 1659 esse
1269 1623 1396 1658 certae
1423 1620 1568 1659 formae
1596 1631 1682 1658 con-

206 1690 412 1728 cedendum
442 1693 515 1735 est,
558 1692 686 1726 tamen
714 1688 786 1725 hoc
813 1688 896 1724 loco
930 1685 1209 1734 respiciendum
1243 1686 1396 1723 videtur
1424 1685 1473 1722 ad
1505 1685 1682 1722 Tzetzem

205 1755 299 1792 haec
328 1753 570 1802 dicenten1²):
603 1750 770 1803 δέχονται
797 1751 884 1789 καὶ.
908 1781 916 1790 .
940 1781 948 1789 .
968 1751 1028 1788 τὸν
1049 1748 1282 1792 ἀνάπαιστον,
1312 1750 1362 1790 ὡς
1391 1749 1409 1786 ὁ
1438 1748 1616 1791 Ἱππῶναξ
1644 1752 1682 1785 et

205 1820 252 1857 ad
281 1819 532 1858 certissimum
560 1818 813 1864 fragmentum
842 1816 908 1865 (cf.
938 1827 973 1863 p.
1009 1816 1105 1864 15.):

539 1881 685 1920 ἐκέλευε
720 1879 861 1931 βάλλειν
890 1880 949 1918 καὶ
977 1879 1090 1918 λεόειν
1115 1878 1353 1916 Ἱππώνακτα.

204 1946 414 1995 falsumque
434 1951 490 1985 est
508 1946 806 1994 Hephaestionis
825 1945 1101 1983 testimonium:
1132 1943 1171 1980 τὸ
1193 1943 1231 1980 δὲ
1250 1942 1371 1993 χωλὸν
1392 1941 1433 1979 οὐ
1454 1939 1598 1992 δέχεται
1614 1973 1622 1979 .
1640 1969 1648 1978 .
1671 1969 1679 1978 .

203 2011 285 2050 οὔτε
315 2011 489 2051 δάκτυλον
519 2010 600 2049 οὔτε
628 2010 818 2060 τρίβραχυν
848 2008 929 2046 οὔτε
959 2007 1184 2054 ἀνάπαιστον,
1215 2019 1298 2045 cum
1327 2007 1478 2054 saepius
1507 2005 1681 2053 dactylos

204 2083 243 2116 et
270 2078 484 2116 tribrachos
513 2077 587 2114 iam
615 2077 662 2113 ab
691 2075 936 2122 Hipponacte
967 2073 1138 2110 adhiberi
1167 2083 1275 2109 nemo
1304 2070 1471 2117 neget3).

300 2214 326 2257 ¹)
354 2211 525 2247 Ceterum
545 2209 641 2255 quod
660 2220 681 2243 a
699 2208 828 2243 Crusio
855 2218 898 2242 ex
917 2217 985 2241 usu
1002 2205 1340 2251 monosyllaborum
1363 2203 1403 2238 in
1420 2203 1491 2238 fine
1508 2212 1680 2237 versuum

203 2271 451 2307 adhibitorum
478 2269 666 2312 conicitur,
691 2267 781 2302 mihi
801 2266 949 2312 quidem
966 2264 1100 2299 falsum
1124 2264 1279 2299 videtur.
1317 2262 1462 2298 Etenim
1487 2260 1586 2306 apud
1612 2261 1680 2296 Ba-

203 2330 323 2365 brinm
347 2331 388 2364 ut
413 2327 510 2373 apud
537 2327 816 2372 Hipponact‹›n1,
849 2323 1134 2366 Callimachum,
1161 2322 1254 2356 alios
1280 2331 1480 2366 numquam
1506 2319 1574 2354 hoc
1599 2318 1678 2354 loco

201 2387 456 2433 monosyllaba
482 2386 672 2430 leguntur,
712 2384 808 2429 apud
835 2384 1019 2418 Romanos
1062 2383 1185 2416 tamen
1217 2391 1291 2415 non
1324 2389 1468 2423 semper
1504 2378 1679 2420 vitantur,

203 2447 347 2483 etiamsi
364 2456 475 2490 saepe
494 2444 707 2480 coalescunt
724 2453 806 2478 cum
825 2441 968 2486 syllaba
986 2439 1238 2475 antecedente.
1273 2437 1317 2473 cf.
1341 2436 1475 2473 Catull.
1499 2446 1528 2471 c.
1550 2437 1607 2479 39,
1623 2436 1679 2471 20.

201 2508 258 2550 44,
276 2507 308 2540 2.
336 2507 404 2540 etc.

297 2564 323 2607 2)
350 2561 448 2607 apud
475 2560 636 2596 Cramer.
662 2570 719 2596 an.
748 2558 814 2594 Ox.
842 2561 875 2594 3.
900 2569 935 2603 p.
963 2559 1042 2593 308.

297 2622 322 2665 ³.)
351 2620 394 2655 cf.
412 2619 481 2664 srg.
508 2621 539 2654 9.
562 2622 614 2654 11.
636 2620 689 2653 12.
716 2617 887 2652 Phoenic.
914 2616 982 2659 frg.
1005 2619 1033 2660 1,
1052 2616 1084 2650 3.
1111 2613 1155 2649 cf.
1174 2613 1350 2648 Priscian.
1370 2611 1416 2647 de
1435 2611 1541 2646 metr.
1561 2619 1676 2654 comp.

201 2694 236 2727 p.
262 2682 342 2716 418.
368 2679 422 2714 ed.
450 2677 562 2713 Gaisf.
1399 2717 1440 2751 2*
