1986 3223
866 243 915 248 —
976 222 1022 258 14
1081 243 1127 249 --,

469 329 524 367 dn*
556 330 708 379 οὐρανοῦ
737 330 933 368 κατέπεσεν
964 331 1011 372 εἰς
1039 332 1146 368 πέδον
1175 331 1297 381 γαίηςς

464 393 605 444 (Ερμῆς
633 396 662 431 δ’
686 395 704 431 ὁ
734 393 853 436 Μαίας
883 395 950 432 οὐκ
980 394 1120 433 {ulans-³
1153 395 1211 433 ἑὸν
1242 397 1350 433 παῖδα

469 457 647 507 Μυρτίλον
677 458 746 495 ἀπὸ
775 458 910 508 δίφρων
939 458 1191 508 nminat-20³)
1220 459 1524 510 φορούμενον(”.));

467 521 539 559 οὐδ’
570 521 612 559 αὖ
643 520 742 563 Θέτις
769 523 829 559 τὸν
859 522 1033 573 σθεναρὸν
1063 524 1202 560 ἔστενεν
1230 526 1349 571 παῖδα,

467 586 517 623 ὅτ’
550 586 591 624 ἐκ
620 585 806 635 βελέμνων
834 586 970 636 θνῆσκε
998 590 1069 624 τῶν
1099 587 1350 630 Ἀπόλλωνος-ς

465 651 483 687 ὁ
513 651 542 687 δ’
563 649 606 687 αὖ
636 652 773 700 βροτῶν
801 666 841 688 τε
870 651 929 688 καὶ
958 651 1054 688 θεῶν
1082 651 1227 688 πάντων
1258 650 1344 694 ἅναξ

465 714 664 764 ΣαρπήδψῘ
695 714 761 753 οὐκ
790 717 975 760 ἔκλαυσεν,
1005 715 1072 753 οὖν.
1101 715 1303 756 {athnoe-ev:

467 779 539 816 οὐδ’
561 778 603 816 αὖ
636 778 821 828 Μακηδὼν
851 780 869 816 ὁ
899 780 1060 829 βασιλεὺς
1090 779 1343 830 Ἀλέξανδρος,

466 843 504 880 ὃν
533 843 648 881 τίκτεν
670 843 831 892 νΑμμων
862 843 1019 892 θέμενος
1049 844 1096 884 εἰς
1125 843 1203 894 ὅφιν
1233 844 1387 894 μορφήν,

359 984 620 1033 Ahrensius1)
665 984 711 1021 de
754 996 795 1021 re
837 985 998 1022 metrica
1041 985 1183 1031 optime
1219 986 1396 1028 meritus,
1441 985 1591 1023 etiamsi
1624 987 1736 1024 multi

252 1048 400 1086 laudem
421 1049 547 1094 legum
563 1048 700 1085 Babrii
721 1049 968 1085 metricarum
991 1049 1227 1086 detectarum
1253 1050 1505 1086 detraxerunt
1525 1050 1734 1088 editoribus

251 1112 540 1153 Parisiensibus.
571 1113 665 1150 dicit
692 1113 805 1150 haec:
840 1113 1080 1157 „Memoratu
1111 1113 1268 1159 dignum
1298 1118 1368 1158 est,
1404 1125 1498 1160 quas
1526 1115 1627 1161 leges
1655 1115 1732 1152 Ba-

251 1176 356 1213 brius
385 1177 458 1213 sibi
488 1177 684 1224 scripserit
712 1177 752 1213 in
780 1177 915 1214 ultimo
946 1177 1245 1214 choliamborum
1275 1178 1382 1224 pede.
1437 1178 1610 1216 Primum
1638 1190 1727 1217 raro

250 1241 287 1276 in
331 1244 501 1277 extremo
543 1252 653 1277 versu
689 1241 858 1278 admittit
893 1242 1061 1289 syllabas
1095 1253 1169 1279 non
1205 1246 1345 1279 natura
1372 1243 1514 1290 longas.
1571 1243 1618 1280 In
1645 1244 1728 1280 lon-

250 1304 405 1350 gissima
433 1305 565 1342 fabula
593 1306 840 1351 nonagesima
870 1306 1022 1351 quinta,
1060 1317 1156 1352 quae
1192 1309 1342 1343 centum
1378 1307 1451 1343 duo
1480 1318 1615 1344 versus
1644 1319 1731 1345 con-

249 1368 361 1412 tinet,
390 1369 509 1406 semel
537 1369 586 1418 (v.
624 1369 726 1418 101.)
759 1374 891 1407 contra
920 1371 1094 1416 regulam
1123 1375 1321 1417 peccatum
1351 1375 1420 1408 est.
1478 1370 1554 1409 Sed
1583 1372 1630 1409 de
1656 1373 1728 1410 hac

249 1433 334 1480 lege
364 1444 463 1470 nunc
492 1435 627 1471 omitto
658 1435 876 1471 accuratius
906 1436 1128 1480 quaere1·e.“

356 1496 519 1534 Circiter
561 1499 779 1545 septuagies
821 1498 987 1535 Babrius
1030 1499 1078 1536 ab
1121 1499 1191 1536 hac
1234 1510 1365 1537 norma
1394 1499 1585 1544 discessit,
1630 1511 1727 1546 quae

248 1562 421 1608 exempla
449 1562 521 1599 hoc
549 1563 660 1599 modo
682 1563 895 1600 dirimenda
915 1563 1131 1600 videantur.
1184 1563 1412 1610 Saepissime
1433 1564 1605 1601 -circiter
1633 1575 1726 1610 qua-

250 1626 420 1672 dragies·
441 1626 539 1672 quod
559 1626 726 1664 Babrius
752 1627 791 1664 in
820 1632 990 1665 extremo
1011 1639 1125 1665 versu
1151 1628 1318 1674 syllabas
1348 1628 1429 1665 σθαι
1459 1633 1497 1665 et
1523 1642 1579 1665 ται
1608 1635 1647 1665 et
1674 1643 1728 1666 ναι

249 1690 411 1733 admisit,
431 1701 504 1727 non
521 1691 658 1727 mirum
674 1695 743 1735 est,
765 1692 997 1735 praesertim
1018 1703 1101 1728 cum
1120 1692 1392 1738 antiquissimis
1409 1693 1642 1738 temporibus
1658 1703 1725 1730 eae

247 1754 417 1801 syllabae
444 1754 584 1801 longae
614 1755 731 1792 fuisse
751 1756 953 1793 videantur
982 1760 1021 1793 et
1049 1760 1245 1793 accentum
1273 1757 1429 1802 ponenti
1467 1758 1727 1794 tantummodo

248 1819 505 1865 corripiantur
547 1823 588 1856 et
628 1831 675 1857 ne
705 1820 776 1857 hoc
806 1820 959 1866 quidem
996 1821 1034 1857 in
1064 1821 1238 1858 omnibus
1275 1821 1458 1858 dialectis
1514 1821 1726 1859 Praeterea

250 1880 409 1920 Babrius
439 1883 592 1920 circiter
620 1884 736 1921 vicies
764 1884 900 1921 breves
920 1886 957 1921 in
977 1885 1111 1922 ultima
1141 1896 1319 1922 versuum
1345 1885 1434 1922 sede
1463 1885 1631 1932 syllabas
1651 1887 1723 1923 sibi

247 1948 445 1990 concessit,
476 1948 610 1994 quibus
630 1953 883 1986 consonantes
909 1964 925 1989 ς
947 1953 1014 1986 aut
1034 1965 1050 1984 ν
1071 1949 1184 1986 finem
1212 1949 1368 1995 faciant,
1400 1960 1520 1995 neque
1549 1949 1726 1998 ἐγκλιτικσί

246 2012 316 2048 hoc
336 2012 419 2048 loco
440 2012 668 2058 repudiavit,
689 2016 731 2049 ut
750 2012 806 2049 τοί
813 2028 902 2059 -νυν,
924 2013 1028 2062 ἦ-τις,
1051 2013 1196 2063 ὥς-περ,
1215 2011 1398 2062 πρός-θεν.
1438 2013 1512 2050 Sed
1530 2015 1725 2052 rarissime

244 2075 387 2122 legitur
414 2076 453 2112 in
483 2080 652 2113 extremo
682 2087 796 2114 versu
826 2078 992 2124 syllaba,
1023 2089 1117 2124 quae
1148 2083 1258 2114 exeat
1286 2078 1326 2114 in
1355 2079 1508 2114 brevem
1536 2079 1720 2123 vocalem,

247 2141 310 2186 qui
339 2140 413 2177 loci
441 2141 522 2177 fere
552 2152 682 2178 omnes
711 2142 826 2179 etiam
858 2142 904 2179 ob
926 2143 1024 2179 alias
1053 2153 1188 2179 causas
1217 2142 1379 2188 suspecti
1401 2142 1540 2188 sunt2).
1588 2142 1725 2180 Liceat

244 2205 350 2240 nobis
391 2205 488 2240 hanc
530 2205 656 2250 legem
703 2207 803 2253 apud
845 2207 1013 2252 reliquos
1059 2206 1295 2243 Graecorum
1342 2206 1722 2253 choliambographos

243 2269 431 2316 persequi,
461 2270 689 2315 praesertim
726 2282 810 2307 cum
840 2283 905 2309 eos
935 2271 1188 2315 choliambos‚
1231 2271 1295 2316 qui
1333 2271 1461 2307 insunt
1490 2271 1630 2316 titulis,
1674 2271 1722 2308 ad

243 2334 342 2370 hanc
370 2333 629 2378 quaestionem
662 2335 928 2373 illustrandam
963 2338 1112 2373 omnino
1147 2347 1220 2371 non
1248 2335 1438 2371 adhibitos
1459 2346 1541 2371 esse
1561 2335 1720 2372 videam.

243 2398 408 2444 Neglexi
437 2404 563 2437 autem
592 2401 631 2437 in
660 2411 705 2436 ea
724 2411 766 2436 re
796 2411 860 2437 eos
889 2404 1034 2446 poetas,
1064 2410 1223 2445 quorum
1252 2398 1468 2445 fragmenta
1496 2403 1574 2435 tam
1603 2410 1721 2446 parva

243 2467 341 2505 sunt,
371 2469 415 2500 ut
443 2475 489 2501 ex
517 2465 564 2501 iis
594 2465 687 2501 nihil
716 2465 880 2512 perspici
911 2465 1046 2511 possit.

339 2580 362 2623 ¹)
390 2579 434 2614 de
460 2580 555 2614 crasi
582 2582 618 2615 et
643 2581 850 2625 aphaeresi,
881 2581 982 2616 1845.
1009 2591 1042 2624 p.
1069 2581 1124 2614 31.

339 2638 364 2681 ²)
392 2637 436 2673 cf.
459 2640 582 2674 1064.
606 2641 710 2683 107a‚
725 2642 757 2675 3.
787 2641 863 2683 115,
877 2641 910 2675 4.
941 2640 1062 2678 116,3.
1094 2640 1170 2682 116,
1185 2639 1216 2671 2.
1238 2636 1325 2671 etin
1340 2635 1554 2679 fragmentis
1572 2637 1648 2683 131,
1666 2639 1719 2673 14.

247 2697 323 2739 142,
344 2700 374 2732 1.
403 2698 479 2739 131,
498 2699 530 2731 7.
563 2699 637 2741 143,
657 2699 688 2733 2.
717 2700 752 2732 et
776 2698 814 2732 in
841 2698 1053 2742 epimythiis
1080 2699 1136 2741 71,
1159 2698 1212 2730 12.
1243 2697 1346 2738 107a,
1370 2696 1421 2728 19.
1452 2694 1506 2737 65,
1526 2699 1557 2732 8,
