1986 3223
848 224 1109 260 —17—

242 358 467 396 quamquam
510 347 582 384 duo
613 350 744 384 extant
788 347 960 393 exempla
994 346 1106 383 huius
1147 346 1246 392 legis
1280 346 1424 391 laesae,
1467 349 1595 384 tamen
1622 346 1716 383 mihi

243 412 393 459 quidem
420 411 521 448 haud
550 409 779 455 corrigenda
807 410 1007 454 videntur,
1050 410 1139 456 quia
1168 421 1213 447 ea
1248 410 1456 457 epimythia
1489 410 1571 448 sine
1599 410 1713 448 dubio

243 488 318 514 non
346 488 368 512 a
396 475 538 512 Babrio
567 474 741 522 profecta
769 478 867 521 sunt,
898 474 966 511 sed
994 474 1041 512 ab
1072 474 1334 521 epitomatore‚
1371 475 1434 522 qui
1463 477 1610 512 tantam
1638 485 1714 512 me-

242 546 387 578 trorum
416 539 667 576 subtilitatem
694 538 832 576 leviter
861 538 1032 576 curabat.

346 604 552 651 Hipponax
581 603 736 641 circiter
765 603 1014 649 quinquagies
1043 603 1141 640 hanc
1168 603 1340 649 regulam
1370 603 1559 650 neglexit;
1589 606 1716 640 tamen

243 668 488 717 premendum
517 671 596 712 est,
641 667 740 713 quod
769 667 807 704 in
837 667 1085 714 amplioribus
1121 667 1200 704 eius
1228 666 1454 714 fragmentis
1466 667 1497 716 1)
1533 667 1628 704 haec
1656 667 1717 704 lex

242 736 395 771 servata
414 733 579 771 videtur.
611 731 788 769 Ananius
809 734 933 769 autem
953 735 1089 777 quater
1110 730 1260 780 (1024),
1280 730 1470 768 Aeschrio
1491 734 1551 768 ter
1570 730 1717 779 (1213),

241 797 414 835 Phoenix
433 796 632 843 quinquies
648 796 774 833 decies
794 795 969 844 (35:15),
989 795 1195 842 scriptores
1210 795 1527 842 epigrammatum
1543 794 1719 832 undecies

244 861 309 911 (47
328 874 334 895 :
356 861 432 910 11),
454 860 709 898 Callimachus
729 860 925 907 quinquies
951 860 1075 897 decies
1096 859 1165 907 (22
1185 872 1191 893 z
1211 859 1275 908 15)
1303 871 1385 897 eam
1404 860 1610 898 laeserunt.
1649 858 1719 897 Vi-

244 925 372 963 demus
386 925 509 972 igitur
524 926 661 962 iterum
671 925 853 962 Babrium
869 935 943 962 non
959 935 1096 962 novam
1113 925 1351 971 excogitasse
1363 935 1546 971 normam,
1563 923 1629 961 sed
1644 923 1720 961 iam

244 994 357 1028 antea
375 989 477 1039 haud
505 990 678 1036 ignotam
698 989 864 1026 maxima
893 1000 977 1026 611111
1006 988 1214 1026 severitate
1234 989 1466 1027 observasse.
1513 987 1595 1026 Nec
1624 987 1721 1024 mira

245 1054 397 1092 videtur
437 1055 533 1092 haec
567 1054 720 1100 regula,
765 1053 831 1091 sed
867 1053 1007 1090 hausta
1035 1064 1055 1090 e
1086 1053 1380 1090 choliamborum
1422 1056 1579 1097 natura,
1623 1051 1721 1098 quod

247 1118 420 1156 consulto
463 1122 502 1155 et
543 1118 733 1156 violenter
775 1118 909 1155 ultimo
952 1128 1126 1155 versuum
1161 1117 1257 1165 pede
1298 1117 1454 1164 ponitur
1492 1127 1561 1164 pro
1595 1116 1720 1153 iambo

245 1183 446 1220 trochaeus
475 1182 724 1229 spondeusve,
759 1192 832 1228 quo
861 1181 922 1226 fit,
965 1186 1008 1218 ut
1036 1185 1216 1218 accentus
1245 1192 1392 1228 quoque
1420 1181 1458 1218 in
1487 1179 1722 1227 paenultima

247 1247 395 1294 syllaba
422 1247 531 1293 quasi
551 1257 621 1284 sua
648 1249 783 1293 sponte
803 1245 986 1283 considat.
1034 1244 1180 1282 Tamen
1208 1245 1246 1281 id
1266 1245 1415 1291 quidem
1443 1243 1722 1282 concedendum

248 1315 306 1348 est
326 1311 506 1349 Babrium
535 1314 646 1348 tanta
674 1310 794 1347 fuisse
822 1313 1029 1347 metrorum
1058 1309 1263 1356 elegantia,
1294 1313 1337 1346 ut
1365 1319 1475 1355 quam
1505 1307 1723 1355 saepissime

246 1376 382 1424 pedum
402 1375 519 1413 ictum
548 1375 695 1413 faceret
715 1374 975 1412 concinentem
996 1384 1080 1411 cum
1100 1374 1301 1411 verborum
1323 1376 1498 1415 accentu:
1529 1382 1723 1419 compares

245 1441 359 1478 velim
387 1440 461 1477 iam
489 1440 633 1487 primos
661 1439 796 1476 Babrii
825 1449 972 1477 versus:

556 1515 668 1565 Γενεὴ
700 1514 844 1553 δικαίων
873 1513 916 1564 ἦν
944 1514 985 1552 τὸ
1012 1515 1155 1564 πρῶτον
1184 1513 1398 1564 ἀνθρώπων,

556 1579 586 1616 ὦ
616 1578 763 1630 Βράγχε
790 1578 927 1623 τέκνον,
957 1578 999 1628 ἢν
1029 1579 1176 1616 καλοῦσι
1202 1577 1385 1628 χρυσείην.

354 1656 431 1695 Sed
473 1668 555 1694 eam
585 1656 826 1694 concordiam
858 1655 961 1693 haud
996 1666 1083 1693 raro
1126 1655 1250 1692 inesse
1277 1655 1353 1691 iam
1389 1652 1659 1700 antiquissimis
1688 1656 1727 1689 et

252 1721 487 1759 Graecorum
522 1724 562 1759 et
590 1721 853 1759 Romanorum
889 1721 1025 1757 iambis
1054 1718 1320 1767 Corssenius2)
1363 1717 1641 1765 comprobavit,
1685 1719 1727 1754 ut

250 1786 349 1834 apud
377 1785 577 1833 Aristoph.
607 1797 666 1824 aV.
702 1787 752 1823 1.:

585 1849 697 1900 ὀρθὴν
727 1849 896 1893 κελεύεις,
926 1847 952 1899 ᾗ
980 1849 1020 1886 τὸ
1049 1848 1194 1898 δένδρον
1222 1847 1391 1897 φαίνεται.

252 1926 333 1953 ran.
366 1916 400 1953 2.
431 1918 480 1953 et.
511 1915 565 1951 3.:

641 1978 692 2029 ἐφ’
724 1978 774 2019 οἷς
803 1978 857 2015 ἀεὶ
885 1980 1032 2026 γελῶσιν
1063 1977 1095 2014 οἱ
1122 1976 1313 2025 θεώμενοι,

641 2042 707 2081 οὐκ
736 2041 813 2081 οἶδ’.
843 2042 862 2079 ὁ
892 2043 920 2078 δ”
953 2040 1052 2090 ὦμος
1082 2040 1199 2079 οὑτοσὶ
1228 2038 1392 2083 πιέζεται.

252 2124 292 2158 et
319 2120 419 2168 apud
447 2119 574 2158 Plaut.
605 2118 747 2166 Amph.
776 2119 871 2166 prol.
902 2119 982 2155 50.:

384 2207 483 2233 nunc
511 2207 623 2242 quam
652 2206 733 2232 rem
764 2198 938 2232 ornatam
968 2194 1043 2230 11116
1072 2192 1170 2236 veni,
1201 2192 1365 2239 primum
1393 2191 1610 2238 proloquar,

383 2264 470 2308 post
498 2263 763 2306 argumentum
794 2259 904 2295 huius
933 2258 1092 2304 eloquar
1120 2256 1356 2303 tragoediae.

386 2324 485 2372 Quid
505 2324 750 2361 contraxistis
769 2322 961 2360 frontem?
981 2321 1070 2367 quia
1089 2315 1328 2367 tragoediam
1349 2330 1379 2357 6.
1402 2329 1434 2357 6.

254 2393 292 2426 et
320 2388 459 2427 Catull.
489 2400 520 2426 c.
551 2390 604 2425 4.:

464 2453 652 2490 Phaselus
681 2452 758 2496 ille,
789 2462 897 2498 quem
926 2450 1077 2497 videtis,
1107 2449 1289 2496 hospites,

468 2517 522 2554 ait
550 2517 666 2554 fuisse
696 2516 847 2553 navium
876 2515 1097 2552 celerrimus
1126 2517 1197 2551 etc.

352 2622 378 2666 ¹)
405 2621 448 2656 cf.
475 2632 530 2656 nr.
556 2622 621 2662 34;
649 2621 710 2659 57;
738 2621 798 2662 26;
825 2621 856 2653 G.

352 2681 380 2721 2)
406 2679 643 2724 Aussprache
669 2678 743 2713 und
771 2677 997 2712 Vocalismus
1024 2676 1089 2711 der
1116 2675 1176 2711 lat.
1204 2675 1365 2720 Sprachc
1392 2686 1426 2719 p.
1452 2674 1531 2708 406.
1559 2674 1624 2707 etc.

327 2749 462 2776 Berliner
481 2748 618 2776 Studien.
656 2748 711 2775 Bd.
731 2747 807 2774 xlv.
839 2749 863 2775 1.
884 2746 967 2774 Helt.
1454 2734 1474 2766 2
