1986 3223
535 790 930 852 Quaestiones
971 792 1327 852 Babrianae.

193 923 372 1002 Constat
399 959 636 997 Graecorum
672 960 855 1007 apologos
889 960 1158 1006 antiquissimis
1192 960 1425 1006 temporibus
1453 971 1526 997 non
1555 972 1666 1007 pecu-

191 1024 304 1062 liaria
318 1023 434 1061 fuisse
453 1025 632 1069 carmina,
653 1024 717 1061 sed
734 1027 863 1071 partes
883 1026 1032 1061 tantum
1052 1024 1269 1069 carminum,
1290 1027 1333 1061 ut
1353 1024 1562 1061 adversarii
1581 1036 1666 1071 per-

192 1089 485 1135 stringerentur‚
506 1101 528 1125 a
546 1089 669 1136 poetis
687 1089 819 1135 lyricis
834 1088 1036 1127 adhibitas.
1093 1088 1229 1135 Itaque
1249 1089 1349 1125 haud
1369 1089 1577 1126 mirandum
1597 1092 1666 1131 est.

191 1153 292 1199 quod
319 1156 408 1200 post
434 1152 528 1189 illud
556 1156 705 1200 tempus
732 1163 807 1190 non
835 1153 953 1190 solum
981 1148 1260 1190 ‘comoediarum
1289 1152 1356 1189 sed
1381 1153 1495 1188 etiam
1515 1156 1667 1198 tragoe-

193 1217 340 1254 diarum
369 1220 505 1264 poetae
533 1217 644 1254 multi
672 1220 783 1254 erant·
814 1218 853 1254 in
881 1216 1051 1264 apologis
1078 1217 1277 1262 fingendis.
1332 1216 1514 1253 Fabellae
1542 1220 1667 1253 autem

194 1281 367 1327 quoniam
398 1286 584 1328 perpetuo
613 1281 653 1318 in
681 1281 871 1318 hominum
900 1291 965 1318 ore
993 1284 1104 1317 erant
1132 1284 1171 1318 et
1198 1281 1419 1327 aptissimae
1448 1280 1495 1317 ad
1523 1281 1669 1318 animos

194 1344 427 1382 audientium
448 1345 692 1382 delectandos
712 1356 757 1382 ac
776 1345 996 1392 captandos,
1017 1345 1159 1383 factum
1180 1348 1249 1390 est,
1270 1348 1312 1382 ut
1331 1344 1483 1392 placato
1498 1343 1669 1381 homines

194 1409 374 1456 carpendi
416 1409 556 1454 studio,
599 1409 697 1456 quod
738 1409 858 1456 primo
900 1420 1048 1456 semper
1080 1409 1205 1446 inerat
1237 1409 1276 1445 in
1311 1408 1481 1446 vetustis
1505 1407 1668 1451 fabellis,

194 1472 502 1519 frequentissime
530 1474 791 1521 arriperentur
823 1474 871 1510 ab
904 1473 1122 1511 oratoribus
1150 1477 1190 1510 et
1217 1473 1399 1520 sophistis
1427 1472 1475 1509 ad
1502 1472 1673 1509 homines

195 1537 451 1574 admonendos
478 1541 518 1575 et
543 1538 767 1576 edocendos.
814 1538 941 1584 Quare
965 1537 1051 1574 dum
1075 1537 1199 1584 magis
1223 1538 1420 1583 magisque
1439 1540 1478 1573 et
1496 1546 1673 1573 numerus

195 1605 233 1638 et
261 1602 361 1639 vires
389 1605 589 1649 poetarum
617 1602 824 1651 lyricorum
857 1601 1049 1650 ⁴defici-unt,
1087 1601 1272 1648 paulatim
1307 1601 1555 1648 apologorum
1583 1610 1673 1636 usus

196 1665 244 1702 ab
273 1666 490 1703 oratoribus
518 1666 573 1703 ita
602 1669 659 1703 est
683 1653 1011 1713 ‘auetfis3'fuff-iaffi
1030 1665 1262 1702 Aristoteles
1290 1665 1336 1702 de
1364 1665 1504 1702 fabulis
1531 1674 1606 1701 non
1634 1664 1672 1700 in

196 1730 307 1769 libris
335 1731 381 1767 de
417 1734 500 1768 arte
534 1731 697 1778 poetica,
739 1731 803 1767 sed
838 1731 885 1767 de
918 1729 1150 1778 rhetoriea1)
1194 1729 1419 1776 conscriptis
1453 1729 1673 1766 dissereret.

197 1796 304 1833 Tunc
333 1799 460 1832 autem
490 1794 585 1836 αἶνος
614 1799 672 1832 est
696 1795 868 1832 narratio
887 1796 954 1839 rei,
984 1805 1082 1841 quae
1101 1794 1271 1832 evenisse
1291 1793 1494 1840 aliquando
1514 1791 1672 1837 fingitur

198 1871 245 1898 ea
272 1863 410 1904 mente,
446 1863 489 1896 ut
523 1863 590 1896 aut
623 1859 670 1896 ad
699 1860 879 1896 virtutem
909 1862 975 1895 aut
1004 1859 1052 1896 ad
1079 1859 1322 1905 prudentiam
1350 1857 1418 1895 fiat
1445 1857 1671 1900 exhortatio,

198 1924 296 1971 quod
323 1924 551 1961 fabellarum
579 1935 701 1970 genus
729 1924 910 1960 utebatur
935 1934 1106 1961 sermone
1126 1923 1251 1960 soluto
1270 1921 1597 1969 praestantissime
1625 1921 1672 1957 ab

197 1988 372 2035 Aesopo,
417 1989 481 2035 qui
523 1989 681 2031 dicitur,
724 1988 924 2025 excultum.
981 1987 1092 2035 Quod
1132 1991 1266 2033 postea
1299 1986 1499 2024 nonnullos
1532 1985 1673 2031 Aesopi

200 2053 382 2099 apologos
402 2065 424 2089 a
443 2053 613 2097 Socrate,
644 2064 726 2090 eum
747 2056 848 2089 esset
867 2053 905 2088 in
934 2051 1095 2089 vinculis
1114 2051 1289 2097 publicis,
1318 2051 1488 2087 versibus
1508 2049 1674 2086 inclusos

201 2127 283 2154 esse
310 2117 490 2163 ferunt2)‚
519 2116 767 2153 iniudicatum
793 2116 978 2162 relinquo.
1034 2115 1269 2152 Demetrium
1288 2114 1528 2158 Phalereum‚
1558 2113 1622 2159 qui
1651 2124 1674 2149 a

200 2181 433 2227 Quintiliano
461 2181 617 2217 ultimus
647 2191 692 2218 ex
721 2180 869 2217 Atticis
897 2184 1028 2217 orator
1055 2183 1227 2223 vocatur,
1263 2177 1605 2225 praeclarissimam
1633 2176 1673 2213 in

199 2245 346 2290 Aesopi
388 2245 596 2281 historiolis
633 2244 854 2290 colligendis
888 2255 1040 2290 operam
1074 2254 1234 2281 navasse
1268 2243 1379 2279 testis
1408 2245 1466 2279 est
1492 2241 1673 2278 Laertius

201 2309 395 2354 Diogenes
407 2309 449 2356 3).
488 2308 548 2345 Ita
567 2307 708 2345 factum
729 2312 798 2351 est,
820 2312 862 2344 ut
883 2307 1118 2345 Graecorum
1139 2307 1304 2343 fabellae
1325 2307 1372 2343 ad
1393 2304 1673 2342 Alexandrinos

202 2373 413 2409 translatae
433 2373 766 2410 commiscerentur
786 2382 868 2408 cum
887 2371 1058 2418 apologis
1072 2370 1354 2417 Aegyptiorum
1371 2374 1410 2406 et
1424 2369 1453 2406 J
1455 2370 1671 2407 udaeorum.

299 2489 324 2530 ¹)
351 2487 397 2531 ΙΙ,
423 2498 451 2522 o.
480 2489 534 2522 20.

298 2547 324 2589 2)
352 2544 395 2580 cf.
422 2545 563 2580 Platon.
590 2544 726 2579 Phaed.
758 2555 792 2589 p.
819 2545 874 2579 61.
902 2544 934 2578 b.
984 2543 1169 2579 Plutarch.
1197 2543 1241 2578 de
1268 2542 1350 2578 aud.
1377 2544 1473 2587 poet.
1500 2553 1535 2587 p.
1564 2543 1605 2577 16
1644 2553 1671 2576 c.

202 2603 332 2638 Avian.
359 2603 470 2647 praef.
498 2602 597 2638 Suid.
624 2614 651 2637 s.
678 2613 708 2636 v.
737 2602 932 2647 Σωκράτης.

299 2661 326 2705 ³)
353 2661 394 2704 V,
421 2663 475 2698 80.
502 2663 556 2696 Sl.

275 2730 412 2757 Berliner
431 2729 559 2757 Studien
605 2730 660 2757 Bd.
680 2729 755 2756 XIV.
786 2731 809 2757 1.
830 2728 913 2757 Hert.
1400 2720 1413 2751 l
